2446 3944
107 193 149 256 22
462 204 765 253 -ιετ-

73 383 89 432 7
185 349 393 438 Σαλμωνεύς
412 350 450 421 δὲ
468 352 505 420 τὸ
520 350 583 439 μέν
597 356 732 439 πρῶτον
747 353 823 440 περὶ
838 358 1031 421 Θεσσαλίαν
1041 378 1128 422 κατ-

107 449 197 545 ρέκει,
216 453 491 542 παραγενόμενος
505 452 544 521 δὲ
557 443 659 532 αὖθις
675 459 723 533 είς
732 443 830 523 Ἦλιν
846 456 917 522 ἐκεῖ
927 451 1026 522 πόλιν
1037 459 1126 523 ἔκτι-

107 573 174 624 σεν.
201 547 362 644 ύβριστής
381 553 418 623 δὲ
438 549 487 621 ῶν
505 555 626 645 καὶτῷ
648 555 707 623 Διὶ
726 555 919 635 ἐξισοῦσθαι
936 557 1050 623 θέλων
1069 553 1126 624 διά

104 654 168 742 τήν
192 645 349 744 άσέβειαν
374 654 557 742 ἐκολάσθη·
583 661 676 740 ἔλεγε
700 655 765 742 γάρ
791 653 913 724 ἑαυτὸν
937 653 1025 723 εἶναι
1042 663 1125 744 Δία,

105 757 162 826 καὶ
180 756 239 836 τάς
259 758 390 827 ἐκείνου
408 763 535 835 θυσίας
560 752 767 844 ἀφελόμενος
792 758 900 847 ἑαυτῷ
918 756 1127 847 προσέτασσε
1145 775 1162 825 5

106 857 221 946 θύειν,
239 860 297 926 καλ
319 857 451 947 βύρσας
474 857 538 945 μὲν
563 857 791 946 έξήραμμένας
811 860 844 940 ἐξ
868 855 1017 946 ἅρματος
1041 859 1126 947 μετά

107 957 258 1046 λεβήτων
275 965 411 1047 χαλκῶν
429 959 546 1048 σύρων
565 963 659 1045 ἔλεγε
675 964 844 1047 βροντάν,
862 957 999 1048 βάλλων
1018 960 1057 1028 δὲ
1076 967 1126 1041 είς

107 1057 258 1149 οῦρανδυ
272 1062 458 1149 αἰθομένας
472 1058 649 1147 λαμπάδας
664 1065 779 1146 ἔλεγεν
793 1054 1006 1147 άστράπτειν.
1036 1060 1126 1142 Ζεῦς

106 1161 145 1230 δὲ
162 1159 270 1231 αὐτόν
288 1162 508 1250 κεραυνώσας
525 1159 588 1248 τήν
606 1171 802 1230 κτισθεῖσαν
818 1158 877 1231 4ὑπ’
899 1160 1003 1231 αῦτοῦ
1024 1161 1125 1231 πόλιν

106 1264 164 1331 καὶ
182 1261 261 1342 τοῦς
280 1261 456 1350 οίκήτορας
474 1259 618 1350 ήφάνισε
636 1258 776 1342 πάντας.
1144 1278 1171 1332 1(

73 1387 90 1439 8
191 1361 290 1451 Τυρῶ
321 1362 403 1452 δὲή
432 1364 645 1452 Σαλμωνέως
667 1364 823 1454 θυγάτηρ
849 1365 906 1433 καὶ
934 1361 1123 1453 Ἀλκιδίκης

107 1463 198 1554 παρά
214 1473 346 1553 Κρηθεῖ
363 1469 409 1558 τῶ
425 1466 639 1554 Σαλμωνέως
657 1460 796 1555 άδελφῶ
809 1465 1000 1554 τρεφομένη
1016 1471 1125 1552 ἔρωτα

109 1577 194 1654 ίσχει
210 1562 366 1646 Ἐνιπέως
382 1571 445 1635 τοῦ
459 1572 622 1653 ποταμοῦ,
641 1566 698 1635 καλ
711 1569 862 1653 συνεχῶς
872 1567 927 1635 ἐπὶ
945 1565 985 1635 τά
998 1565 1123 1637 τούτου

109 1670 233 1755 ῥεῖθρα
256 1670 406 1753 φοιτῶσα
428 1666 559 1747 τούτοις
579 1666 781 1756 ἐπωδύρετο.
819 1672 996 1737 Ποσειδῶν
1014 1667 1053 1737 δὲ
1090 1675 1124 1738 ί-

106 1769 246 1848 κασθεὶς
266 1767 392 1839 Ἐνιπεῖ
416 1773 665 1855 συγκατεκλίθη
690 1767 794 1858 αύτή·
823 1765 845 1855 ἣ
870 1768 908 1838 δέ
932 1768 1126 1855 γεννήσασα
1145 1784 1171 1837 Ιξ

81 1867 223 1958 εκρύφα
242 1870 409 1958 διδύμους
427 1875 551 1950 παῖδας
570 1871 751 1956 ἐκτίθησιν.
782 1869 981 1957 ἐκκειμένων
1000 1870 1039 1938 δέ
1055 1874 1126 1939 τῶν

106 1976 265 2060 βρεφῶν,
289 1971 481 2060 παριόντων
506 1975 729 2059 ἱπποφορβῶν
746 1975 848 2051 ἵππος
865 1977 927 2059 μία
945 1985 1125 2059 προσαψα-

108 2073 193 2159 μένη
211 2076 252 2160 τῇ
271 2079 358 2162 χηλῇ
376 2069 525 2160 θατέρου
544 2073 613 2140 τῶν
625 2075 767 2161 βρεφῶν.
779 2072 897 2140 πέλιόν
910 2099 940 2140 τι
960 2077 1022 2141 τοῦ
1037 2097 1125 2162 προ-

108 2171 225 2241 σωπου
244 2174 345 2260 μέρος
370 2175 537 2261 ἐποίησεν.
570 2165 646 2242 ὁδὶ
676 2174 888 2262 ἱπποφορβὸς
912 2171 1126 2264 άμφορέρους

1 2341 4 2348 ,
107 2273 190 2354 τοῦς
214 2279 338 2354 παῖδας
362 2272 563 2361 ἀνελόμενος
589 2279 730 2362 ἔθρεψε,
756 2276 813 2344 καί
836 2273 898 2343 τόν
920 2273 984 2361 μέν
1002 2283 1122 2344 πελιω-
1143 2291 1171 2343 2(

83 2375 215 2444 οθέντα
235 2381 363 2445 Πελίαν
382 2374 536 2462 ἐκάλεσε,
560 2372 622 2444 τόν
640 2374 678 2444 δὲ
696 2378 812 2465 έτερον
831 2377 957 2462 Νηλέα.
990 2383 1124 2445 τελειω-

108 2476 228 2557 θέντες
246 2477 284 2546 δδ
302 2476 537 2565 άνεγνῶρισαν
553 2475 616 2563 τήν
633 2478 776 2564 μητέρα,
802 2479 858 2545 καὶ
877 2475 940 2563 τήν
957 2475 1127 2564 μητρυιάν

109 2573 310 2647 άπέκτειναν
330 2578 483 2667 Σιδηρῶ·
503 2579 716 2666 κακουμένην
734 2576 800 2668 γάρ
817 2577 957 2665 γνόντες
975 2570 1037 2646 ὕπ’
1057 2575 1126 2647 αῦ-

108 2682 167 2764 τής
184 2677 247 2765 τήν
263 2680 390 2767 μητέρα
409 2677 570 2768 ῶρμησαν
589 2676 638 2749 ἐπ’
658 2673 779 2767 αύτήν,
797 2675 820 2767 ἣ
838 2679 876 2748 δὲ
894 2677 1058 2766 φθάσασα
1076 2686 1126 2760 είς

108 2779 148 2847 τό
165 2785 225 2866 της
239 2777 347 2869 Ἥρας
364 2781 501 2868 τέμενος
518 2781 706 2868 κατέφυγε,
725 2787 852 2861 Πελίας
871 2780 909 2849 δὲ
928 2777 982 2849 ἐπ’
1008 2777 1126 2849 αύτῶυ
1144 2796 1171 2847 κε

108 2885 179 2948 τῶν
193 2884 318 2968 βωμῶν
332 2880 443 2968 αύτήν
456 2882 656 2969 κατέσφαξε,
670 2884 727 2950 καί
741 2880 893 2952 καθόλου
908 2883 1046 2951 διετέλει
1062 2880 1125 2968 τήν

74 2980 212 3070 θἭραν
229 2982 403 3071 ἀτιμάζων.
429 2985 631 3052 ἐστασίασαν
642 2982 680 3051 δὲ
689 2981 835 3071 ὕστερον
844 2980 928 3071 πρός
945 2979 1125 3069 άλλήλους,

108 3086 167 3152 καὶ
183 3083 320 3172 Νηλεῦς
337 3084 401 3172 μὲν
416 3083 566 3153 ἐκπεσῶν
585 3074 667 3169 ήκεν
685 3088 732 3164 είς
756 3085 953 3172 Μεσσήνην,
971 3084 1028 3152 καὶ
1043 3083 1125 3154 Πύ-

110 3192 171 3253 λον
195 3193 309 3272 κτίζει,
341 3187 398 3254 καί
422 3198 525 3279 γαμεῖ
543 3189 704 3273 Χλωρίδα
727 3183 789 3272 τήν
809 3184 1007 3275 Ἀμφίονος,
1035 3187 1068 3267 ἐξ
1085 3174 1126 3272 ἧς

110 3284 206 3378 αύτρῐ
223 3292 352 3372 γίνεται
369 3287 526 3376 θυγάτηρ
544 3286 606 3374 μὲν
626 3285 749 3377 Πηρῶ,
774 3285 915 3377 άρρενες
934 3286 971 3355 δέ
993 3292 1126 3375 Ταῦρος
1143 3296 1171 3349 3(

107 3382 273 3476 Ἀστέριος
283 3388 433 3458 Πυλάων
449 3396 624 3477 Δηίμαχος
637 3385 809 3477 Εὐρύβιος
822 3385 976 3468 Ἐπίδαος
986 3383 1124 3474 Ῥάδιος,

111 3485 312 3578 Εὐρυμένης
331 3485 508 3580 Εῦαγόρας
517 3487 689 3577 Ἀλάστωρ
704 3491 845 3580 Νέστωρ
861 3486 1125 3578 Περικλύμενος,
