2446 3944
108 190 148 278 1'4
434 229 795 275 -1726-

79 394 91 434 6
184 380 336 460 γίνονται
359 373 397 443 δέ
418 376 454 443 ἐκ
479 374 621 464 Πύρρας
642 381 854 445 Δευκαλίωνι
872 373 1130 468 παῖδεςἝλλην

105 475 170 564 μὲν
187 478 340 565 πρῶτος,
360 472 401 544 δν
420 478 456 545 έκ
476 474 559 555 Διός
577 479 781 563 γεγενῆσθαι
799 477 947 565 λέγουσι,
968 477 1129 569 δεύτερος

106 577 144 647 δέ
160 573 374 667 Ἀμφικτύων
392 573 410 644 ὁ
435 576 517 664 μετά
536 576 699 666 Κραναόν
716 577 918 664 βασιλεύσας
942 584 1003 666 τῆς
1018 574 1128 650 Ἀττι-

105 687 180 767 κῆς,
197 677 354 765 θυγάτηρ
373 677 412 746 δὲ
426 680 671 768 Πρωτογένεια,
692 681 724 761 ἐξ
738 669 777 766 ἧς
790 681 847 748 καλ
863 679 947 760 Διός
961 676 1126 763 Ἀέθλιος.

71 780 258 867 3Ἕλληνος
276 778 314 847 δέ
332 779 389 847 καὶ
406 778 542 868 νύμφης
558 777 732 870 Ὀρσηίδος
747 784 869 870 Δῶρος
887 783 1023 862 Ξοῦθος
1038 793 1126 853 Αίο-
1143 804 1160 855 5

105 890 171 962 λος.
190 878 308 960 ἀύτδς
325 879 388 969 μὲν
398 873 468 950 ούν
480 879 536 969 ἀφ’
553 881 664 951 αύτού
678 881 759 962 τούς
772 884 1004 970 καλουμένους
1018 893 1126 973 Γραι-

105 981 187 1062 κούς
205 981 482 1071 προσηγόρευσεν
498 981 696 1070 Ἕλληνας,
708 999 778 1062 τοῖς
803 982 841 1052 δέ
859 987 977 1053 παισὶν
996 987 1127 1074 έμέρισε

80 1083 167 1171 2τήν
185 1083 313 1173 χώραν·
338 1084 395 1150 καὶ
413 1088 547 1164 Ξοῦθος
565 1083 628 1172 μὲν
647 1083 762 1170 λαβών
779 1083 842 1172 τήν
861 1084 1128 1176 Πελοπόννησον

106 1189 143 1253 ἐκ
158 1182 334 1270 Κρεούσης
352 1189 411 1271 τῆς
425 1183 609 1273 Ἐρεχθέως
621 1179 755 1272 Ἀχαιόν
771 1185 928 1274 ἐγέννησε
941 1185 1125 1278 καλἼωνα,

105 1284 160 1372 ἀφ’
190 1277 239 1353 ὦν
259 1283 384 1372 Ἀχαιοὶ
407 1286 465 1353 καὶ
482 1285 596 1366 Ἴωνες
619 1291 821 1376 καλοῦνται,
846 1290 967 1377 Δῶρος
996 1288 1035 1357 δέ
1059 1288 1125 1377 τήν
1145 1307 1167 1359 Ι(

105 1387 212 1477 πέραν
230 1385 344 1476 χάραν
362 1386 627 1474 Πελοποννήσου
647 1386 761 1476 λαβύν
778 1387 859 1468 τούς
872 1396 1051 1469 κατοίκους
1065 1385 1123 1477 ἀφ’

79 1490 230 1557 8ἑαυτοῦ
253 1501 396 1578 Δωριεῖς
422 1489 598 1576 ἐκάλεσεν,
626 1496 747 1568 Αίολος
770 1489 808 1557 δὲ
838 1489 1028 1576 βασιλεύων
1055 1497 1127 1560 ταῖν

105 1589 183 1675 περὶ
206 1586 267 1676 τήν
294 1594 484 1658 Θεσσαλίαν
508 1585 623 1658 τύπων
646 1588 726 1670 τούς
753 1593 969 1671 ἐνοικοῦντας
987 1598 1126 1673 Αἰολεῖς

104 1689 367 1777 προσηγόρευσε,
386 1689 442 1757 καλ
456 1689 565 1778 γήμας
579 1688 759 1779 Ἐναρέτην
772 1689 835 1778 τήν
850 1692 1026 1780 Δηιμάχου
1041 1707 1126 1762 παϊ-

105 1796 166 1871 δας
184 1788 247 1879 μέν
265 1791 445 1878 ἐγέννησεν
464 1790 564 1877 έπτά,
586 1794 732 1882 ’Κρηθέα
752 1799 914 1880 Σίσυφον
928 1793 1126 1882 Ἀθάμαντα
1144 1812 1167 1864 11

106 1891 295 1980 Σαλμωνέα
322 1890 452 1979 Δηιόνα
472 1893 640 1982 Μάγνητα
659 1893 848 1984 Περιήρην,
873 1895 1068 1985 θυγατέρας
1085 1896 1125 1965 δὲ

103 1995 220 2080 πέντε,
246 1992 409 2080 Κανάκην
429 1992 617 2092 Ἀλκυόνην
641 1999 838 2082 Πεισιδίκην
861 1995 1027 2083 Καλύκην
1052 2007 1124 2067 Πε-

104 2094 256 2185 ριμήδην.

77 2214 91 2252 ⁴
182 2194 373 2283 Περιμήδης
396 2194 461 2282 μέν
485 2187 550 2265 ούν
573 2197 631 2265 καὶ
653 2192 820 2289 Ἀχελῴου
842 2195 1046 2286 Ἱπποδάμας
1064 2201 1123 2267 καὶ

99 2295 276 2386 Ὀρέστης,
301 2300 496 2384 Πεισιδίκης
515 2295 553 2365 δέ
570 2297 628 2365 καὶ
646 2297 871 2387 Μυρμιδόνος
885 2296 1047 2386 ’Ἀντιφος
1065 2300 1122 2368 καὶ
1141 2319 1167 2370 2<

68 2397 235 2487 ι’Ἀκτωρ.
268 2395 456 2485 Ἀλκυόνην
481 2396 520 2465 δδ
545 2399 641 2484 Κήυξ
668 2405 791 2488 ἔγημεν
807 2398 1003 2489 Ἑωσφόρου
1028 2415 1122 2489 παῖς,

103 2491 198 2568 οὗτοι
221 2497 259 2567 δέ
284 2495 323 2566 δι’
350 2493 606 2587 ὑπερηφάνειαν
631 2497 823 2569 άπύλοντο·
860 2497 959 2589 ὃμὲν
978 2500 1043 2589 γάρ
1061 2504 1123 2590 τήν

103 2613 250 2685 γυναῖκα
277 2605 390 2685 ἔλεγεν
404 2599 534 2689 Ἥραν,
557 2597 579 2687 ἢ
603 2597 642 2669 δέ
659 2602 720 2670 τὸν
738 2600 847 2691 άνδρα
865 2608 952 2690 Δία,
978 2605 1065 2682 Ζεύς
1084 2602 1123 2671 δέ

103 2701 230 2780 αύτούς
244 2698 461 2789 ἀπωρνέωσε,
475 2703 532 2770 καὶ
545 2702 608 2790 τήν
620 2702 684 2790 μὲν
698 2700 849 2773 άλκυόνα
864 2706 999 2790 ἐποίησε
1012 2701 1073 2772 τόν
1084 2703 1122 2773 δέ

102 2803 220 2891 κήυκα.
1140 2824 1167 2874 αἱ

76 2921 89 2959 2
181 2902 321 2991 Κανάκη
347 2902 385 2971 δέ
411 2903 591 2991 ἐγέννησεν
617 2907 653 2973 ἐκ
678 2909 893 2985 Ποσειδῶνος
916 2903 1041 2974 Ὀπλέα
1064 2907 1122 2974 καὶ

103 3007 210 3095 Νιρέα
233 3007 291 3073 καὶ
313 3002 466 3074 Ἐπωπέα
489 3006 547 3074 καὶ
568 3001 695 3076 Ἀλωέα
720 3006 777 3074 καλ
800 3013 940 3097 Τρίοπα.
974 3004 1121 3087 Ἀλωεύς

101 3107 165 3195 μὲν
183 3098 247 3176 οὖν
266 3112 389 3193 ἔγημεν
404 3100 603 3194 Ἰφιμέδειαν
626 3105 690 3195 τήν
713 3113 876 3195 Τρίοπος,
901 3105 972 3195 ήτις
996 3118 1119 3178 Ποσει-

103 3212 212 3289 δῶνος
225 3203 372 3296 ήράσθη,
386 3209 444 3275 καὶ
459 3215 609 3295 συνεχως
623 3213 773 3296 φοιτῶσα
789 3210 844 3276 ἐπὶ
857 3208 920 3295 τήν
929 3208 1120 3298 θάλασσαν,

102 3311 218 3397 χερσὶν
228 3305 402 3399 ἀρυομένη
415 3308 456 3378 τά
469 3308 601 3396 κύματα
615 3323 686 3389 τοῖς
699 3307 839 3390 κόλποις
848 3311 1011 3399 ἐνεφόρει.
1038 3331 1119 3379 συν·
1138 3328 1167 3381 3(

103 3410 215 3480 ελθύν
233 3410 271 3480 δέ
289 3406 378 3499 αύτή
397 3415 584 3481 Ποσειδῶν
598 3407 662 3480 δύο
682 3411 841 3499 έγέννησε
858 3417 1001 3498 παῖδας,
1021 3405 1121 3479 Ὦτον

73 3513 158 3582 ὅκαὶ
174 3512 369 3601 Ἐφιάλτην,
392 3509 473 3591 τούς
488 3508 661 3592 Ἀλωάδας
680 3514 895 3601 λεγομένους.
931 3502 1025 3581 οὗτοι
1048 3510 1117 3580 κατ’
