2446 3944
150 188 193 252 94
507 199 810 250 -εττ-

150 346 189 416 δέ
207 354 256 429 είς
273 347 336 435 τὴν
344 345 506 435 Ἤπειρον
525 352 808 438 συναθροίζουσιν
825 345 1005 435 οἰκήτορας
1021 346 1083 415 καί
1097 351 1173 417 κτί-

150 455 264 533 ζουσιν
278 444 517 538 Ἀκαρνανίαν.

124 571 137 610 2
227 550 416 638 Εὐριπίδης
433 552 476 619 δέ
489 570 592 639 φησιν
607 548 820 639 Ἀλκμαίωνα
843 549 928 620 κατά
945 550 1008 622 τὸν
1024 556 1090 640 τῆς
1106 580 1174 642 μα-

149 661 226 733 νίας
243 652 368 740 χρόνον
387 654 424 720 ἐκ
442 657 607 733 Μαντοῦς
629 659 801 742 Τειρεσίου
818 657 944 732 παῖδας
962 651 1027 723 δόο
1044 662 1173 744 γεννῆ-

150 775 216 841 σαι,
232 752 434 842 Ἀμφίλοχον
447 755 504 822 καί
518 754 693 842 θυγατέρα
712 753 909 843 Τισιφόνην,
925 762 1120 843 κομίσαντα
1135 757 1202 828 δδθ

151 861 200 935 είς
217 853 392 941 Κόρινθον
409 853 450 922 τά
468 855 578 944 βρέφη
597 861 719 925 δοῦναι
735 855 872 944 τρέφειν
887 863 1090 944 Κορινθίων
1106 864 1170 946 βα-

124 965 238 1026 θσιλελ
259 958 421 1044 Κρέοντι,
447 957 505 1025 καὶ
531 953 594 1042 την
618 956 683 1044 μὲν
716 957 901 1046 Τισιφόνην
928 962 1173 1045 διενεγκοῦσαν

150 1056 319 1148 εὐμορφία
343 1053 414 1127 ἀπό
432 1059 491 1145 τῆς
509 1058 680 1144 Κρέοντος
697 1055 858 1144 γυναικός
876 1055 1170 1149 ἀπεμποληθῆναι,

150 1164 340 1238 δεδοικυίας
357 1158 402 1247 μὴ
420 1160 541 1246 Κρέων
559 1157 669 1247 αὐτὴν
682 1159 831 1248 γαμετὴν
843 1160 1029 1247 ποιήσηται.
1056 1161 1121 1232 τὸν
1134 1162 1170 1232 δὲ

147 1260 357 1347 Ἀλκμαίωνα
381 1257 597 1347 ἀγοράσαντα
620 1261 749 1348 ταότην
773 1265 863 1346 ἔχειν
886 1256 951 1329 οάκ
973 1261 1092 1332 είδότα
1109 1262 1168 1351 τήν
1181 1278 1211 1331 1⁰

21 1348 26 1359 ⁵
123 1365 277 1431 4έαυτοά
294 1362 471 1449 θυγατέρα
496 1359 720 1450 θεράπαιναν,
748 1361 1029 1452 παραγενόμενον
1056 1363 1098 1437 δδ
1123 1371 1167 1446 είς

150 1464 326 1553 Κόρινθον
345 1463 399 1532 έπί
416 1462 479 1550 τὴν
495 1465 566 1531 τῶν
583 1465 713 1533 τέκνων
730 1458 911 1551 ἀπαίτησιν
933 1464 992 1531 καί
1010 1464 1074 1535 τὸν
1092 1464 1173 1553 υίδν·

148 1571 364 1653 κομίσασθαι.
391 1564 448 1633 καί
458 1563 659 1651 Ἀμφίλοχος
672 1563 757 1632 κατά
771 1563 944 1655 χρησμοός
954 1561 1169 1648 ’Λπόλλωνος

145 1663 517 1754 ἈμφιλοχικόνἈργος
539 1662 683 1757 ᾤκησεν.

120 1773 139 1838 8
224 1764 463 1854 Ἐπανάγωμεν
487 1764 526 1835 δὲ
549 1772 617 1836 νῦν
635 1765 737 1836 πάλιν
755 1766 812 1835 έπί
828 1763 892 1836 τόν
910 1766 1107 1858 Πελασγόν,
1129 1765 1170 1839 δυ
1186 1784 1212 1839 ιθ

145 1866 366 1948 Ἀκουσίλαος
382 1867 446 1956 μὲν
465 1867 548 1948 Διός
566 1870 731 1955 λέγεικαὶ
750 1866 897 1955 Νιόβης,
923 1867 1081 1958 καθάπερ
1100 1866 1170 1941 ἀπ·

149 1969 281 2058 έθεμεν,
297 1967 451 2048 Ἡσίοδος
469 1968 509 2038 δὲ
525 1968 729 2056 αὐτόχθονα.
756 1969 881 2038 τούτου
898 1969 956 2037 καί
974 1974 1034 2057 τῆς
1050 1967 1169 2042 Ὠκεα-

145 2077 212 2140 νοῦ
225 2070 399 2157 θυγατρός
410 2077 609 2159 Μελιβοίας,
623 2067 644 2159 ἣ
656 2068 812 2159 καθάπερ
826 2067 921 2138 ἀλλοι
930 2070 1070 2156 λέγουσι
1078 2073 1171 2162 νάμ-

123 2190 214 2260 2φης
232 2171 435 2259 Κυλλήνης,
458 2187 540 2252 παῖς
557 2169 707 2244 Λυκάων
734 2172 885 2258 ἐγένετο,
912 2167 950 2251 δς
974 2173 1171 2260 βασιλεύων

145 2270 320 2360 Ἀρκάδων
329 2275 365 2341 ἐκ
373 2277 508 2341 πολλῶν
522 2276 696 2359 γυναικῶν
708 2272 916 2359 πεντήκοντα
930 2277 1057 2355 παῖδας
1070 2275 1170 2360 ἐγίν-
1185 2291 1214 2345 θλ

148 2396 241 2463 νησε,
255 2381 439 2445 Μαίναλον
450 2373 775 2462 ΘεσπρωτδνἝλικα
785 2373 960 2461 Νόκτιμον
969 2377 1170 2466 Πευκέτιον,

149 2476 321 2545 Καόκωνα
339 2478 514 2565 Μηκιστέα
530 2475 652 2545 Ὁπλέα
670 2477 838 2566 Μακαρέα
856 2475 1054 2562 Μάκεδνον,
1064 2474 1170 2567 Ὅρον

149 2577 299 2663 Πόλιχον
309 2574 471 2664 Ἀκόντην
479 2577 657 2666 Εὐαίμονα
668 2575 848 2665 Ἀγκόορα,
860 2575 1064 2665 Ἀρχεβάτην
1071 2586 1170 2668 Καρ-

122 2677 278 2766 θτέρωνα
292 2684 468 2764 Αἰγαίωνα
485 2677 670 2767 Πάλλαντα
688 2677 864 2767 Κάνηθον,
881 2677 1044 2764 Πρόθοον
1058 2687 1170 2751 Λίνον

147 2780 348 2870 Κορέθοντα
372 2779 545 2868 Τηλεβόαν
571 2780 713 2866 Φόσιον,
741 2777 879 2865 Φάσσον
906 2788 1020 2848 Φθῖον
1036 2779 1169 2850 Λάκιον
1185 2797 1215 2850 ω

144 2880 327 2969 Ἁλίφηρον
343 2882 520 2969 Γενέτορα,
535 2888 757 2951 Βουκολίωνα
772 2880 914 2950 Σωκλέα
930 2880 1036 2949 Φινέα
1049 2879 1168 2970 Εὐμή-

146 3009 208 3071 την
221 2977 401 3071 Ἀρπαλέα,
417 2982 558 3071 Πορθέα
571 2983 741 3053 Πλάτωνα
756 2986 891 3070 Αἵμονα
904 2980 1084 3052 Κύναιθον
1098 2984 1182 3053 Λέε

148 3110 243 3173 οντα,
252 3080 606 3172 ἈρπάλυκονἩραιέα
619 3082 764 3154 Τιτάναν
774 3087 976 3154 Μαντίνουν
984 3090 1167 3174 Κλείτορα,

122 3186 361 3274 4Στόμφαλον
375 3182 578 3274 Ὀρχομενόν
599 3238 606 3253 .
633 3239 640 3254 .
666 3241 672 3254 .
697 3175 791 3253 οὗτοι
809 3182 938 3263 πάντας
956 3181 1167 3274 ἀνθρώπους

146 3284 381 3376 ὑπερέβαλλον
399 3285 636 3378 ὖπερηφανείηι
650 3286 706 3356 καί
719 3285 869 3376 ἀσεβείᾳ.
898 3282 984 3365 Ζεδς
997 3284 1035 3354 δέ
1049 3280 1168 3356 αὐτῶν
1183 3299 1215 3356 30

147 3389 354 3475 βουλόμενος
372 3387 435 3477 την
450 3386 607 3477 ἀσέβειαν
621 3386 775 3476 πειράσαι
788 3386 958 3466 είκασθείς
972 3382 1074 3475 ἀνδρί
1088 3415 1168 3476 χερ-

123 3486 234 3579 σνητη
253 3498 484 3580 παραγίνεται.
523 3498 559 3560 οἳ
580 3489 618 3560 δέ
643 3485 750 3559 ον’τδν
769 3489 825 3558 έπί
843 3490 936 3580 ξενία
954 3488 1168 3577 καλέσαντες,
