2446 3944
446 212 764 261 -3161-
1051 199 1113 263 119

95 361 158 448 τὴν
179 359 347 449 μάχαιραν
373 356 571 447 ἀναιρεῖται,
595 358 652 427 καὶ
677 356 771 441 πεζός
797 356 952 443 ἠπείγετο
977 362 1026 438 είς
1050 355 1111 437 τός

92 459 250 548 Ἀθήνας.
278 461 537 550 φρουρουμένης
551 458 590 529 δὲ
603 457 672 528 ύπό
687 455 827 549 ἀνδρῶν
840 458 1043 546 κακούργων
1051 460 1111 546 τῆς

100 560 182 631 ὁδοῦ
196 556 357 651 ἡμέρωσε.
390 565 526 650 πρῶτον
541 559 604 650 μὲν
619 551 684 629 οὖν
698 559 897 648 Περιφήτην
910 558 971 627 τόν
985 556 1137 646 ‘lavat-2

100 682 179 732 στου
193 662 249 732 καὶ
264 660 480 750 Ἀντικλείας,
499 660 536 744 ὃς
550 661 617 732 ἀπὸ
630 666 689 749 τῆς
703 661 851 749 κορύνης
864 656 908 748 ἣν
923 659 1038 748 ἐφόρει
1050 686 1110 729 κο·

64 783 81 834 ο
101 763 244 852 ρννήτης
263 768 468 850 ἐπεκαλεῖτο,
489 760 635 834 ἔκτεινεν
655 765 692 832 ἐν
707 756 909 852 Ἐπιδαύρῳ.
946 759 1054 841 πόδας
1073 760 1112 830 δὲ

101 861 255 946 ἀσθενεῖς
278 870 365 951 ἔχων
390 855 488 945 οὗτος
515 865 628 952 ἐφόρει
651 861 804 953 κορύνην
829 866 983 950 σιδηρᾶν,
1009 860 1048 930 δι’
1073 853 1113 950 ἧς

100 963 180 1047 τούς
202 966 386 1054 παριόντας
411 971 544 1036 ἔκτεινε.
587 963 714 1053 ταύτην
745 960 953 1052 ἀφελόμενος
980 963 1113 1050 Θησεύς

101 1064 220 1152 ἐφόρει.
247 1065 407 1155 δεύτερον
419 1065 457 1136 δέ
471 1073 593 1137 κτείνει
606 1071 708 1135 Σίνιν
720 1063 782 1134 τόν
795 1064 1043 1152 Πολυπήμονος
1055 1066 1112 1133 καί
1131 1085 1147 1132 2

102 1168 233 1249 Συλέας
247 1170 306 1255 τῆς
321 1173 507 1256 Κορίνθου.
526 1157 626 1247 οὗτος
640 1164 891 1255 πιτυοκάμπτης
902 1170 1111 1237 ἐπεκαλεῖτο·

50 1284 82 1337 ιο
102 1273 208 1338 οίκων
225 1268 291 1357 γὰρ
309 1267 371 1337 τόν
389 1275 588 1354 Κορινθίων
607 1268 733 1356 ι’σθμόν
751 1265 915 1354 ἠνάγκαζε
928 1265 1008 1347 τούς
1023 1291 1112 1354 παρ-

99 1368 213 1450 ιόντας
227 1375 326 1450 πίτυς
335 1370 547 1457 κάμπτοντας
562 1365 758 1457 ἀνέχεσθαι·
778 1377 815 1438 οἳ
825 1368 863 1437 δὲ
873 1367 929 1436 διό
936 1368 998 1455 τὴν
1007 1362 1112 1438 όσδέ-
1126 1387 1139 1425 2

99 1497 194 1539 νειαν
217 1469 279 1540 οόκ
299 1465 468 1558 ἠδύναντο
491 1470 664 1558 κάμπτειν,
690 1471 747 1538 καὶ
771 1467 840 1538 ύπό
867 1474 936 1537 τῶν
961 1469 1114 1556 δένδρων

100 1570 402 1660 ἀναρριπτούμενοι
426 1572 655 1662 πανωλέθρως
679 1567 891 1640 όπιόλλυντο.
933 1567 1043 1661 τούτῳ
1066 1575 1113 1662 τῷ

98 1670 214 1765 τρόπῳ
234 1672 366 1760 Θησεύς
385 1679 486 1743 Σίνιν
503 1666 709 1743 ἀπέκτεινεν.
