2446 3944
1214 40 1219 145 1,

149 107 190 172 92
508 119 813 168 -ετε-

148 273 210 337 τοῦ
233 267 445 347 Ἐτεοκλέους
472 265 666 356 ἡγουμένου
695 273 861 354 γενναίως
891 267 1063 356 μάχονται.
1116 272 1175 341 καί

150 369 334 458 Λαοδάμας
353 369 416 458 μὲν
436 370 757 456 Λίγιαλέακτείνει,
784 368 1016 457 Λαοδάμαντα
1040 368 1081 439 δὲ
1095 369 1175 443 ’Λλ-

124 478 290 559 εκμαίων.
327 471 384 539 καὶ
407 469 489 558 μετά
515 468 576 539 τόν
599 469 723 540 τούτου
750 471 903 542 θάνατον
921 479 1065 560 Θηβαῖοι
1082 492 1176 562 συμ·
1216 526 1219 567 ÷

150 574 338 661 φεύγουσιν
355 576 404 651 είς
421 569 462 639 τά
480 577 581 659 τείχη.
623 578 797 662 Τειρεσίου
824 570 862 641 δέ
880 572 1035 652 εἰπόντος
1054 573 1176 656 αύτολς
1216 572 1219 595 ¹

150 676 235 762 πρὸς
248 673 310 761 μὲν
316 673 490 760 Ἀργείους
500 673 633 760 κήρυκα
647 673 725 760 περὶ
738 672 925 754 διαλύσεως
939 672 1175 764 ἀποστέλλειν,
1188 692 1203 746 λ

150 771 279 854 αύτούς
296 775 335 845 δὲ
352 773 504 862 φεύγειν,
529 774 614 860 πρὸς
637 772 700 861 μὲν
723 775 805 855 τούς
831 779 1015 863 πολεμίους
1039 775 1175 865 κήρυκα

150 878 353 965 πέμπουσιν,
384 872 483 945 αύτοὶ
511 875 550 944 δὲ
577 871 842 963 ἀναβιβάσαντες
874 878 929 948 ἐπὶ
952 874 1015 957 τάς
1039 875 1175 966 ἀπήνας

125 979 252 1047 ιτέκνα
276 978 333 1045 καὶ
354 991 522 1063 γυναῖκας
547 979 583 1046 έκ
604 977 663 1064 τής
686 974 817 1057 πόλεως
842 982 998 1065 ἔφευγον.
1036 978 1175 1071 νύκτωρ

151 1079 190 1148 δὲ
209 1079 264 1148 ἐπὶ
280 1078 343 1166 τήν
356 1077 540 1164 λεγομένην
556 1079 774 1165 Τιλφοῦσσαν
791 1076 920 1168 κρήνην
938 1081 1174 1168 παραγενομέ-

151 1207 222 1248 νων
240 1177 367 1264 αύτῶν,
391 1184 561 1267 Τειρεσίας
575 1177 642 1246 ἀπό
656 1178 782 1266 ταύτης
795 1179 884 1249 πιὼν
897 1177 1004 1248 αύτού
1018 1180 1083 1249 τὸν
1096 1187 1173 1268 βίον
1188 1196 1217 1251 εδ

151 1280 363 1369 κατέστρεψε.
413 1285 556 1367 Θηβαῖοι
579 1278 618 1348 δέ
641 1278 696 1347 ἐπί
720 1278 808 1348 πολύ
836 1279 1049 1368 διελθόντες,
1074 1281 1173 1353 πόλιν

118 1403 133 1450 4
148 1379 317 1452 Ἐστιαίαν
331 1387 504 1460 κτίσαντες
516 1380 721 1472 κατῴκησεν.
747 1377 893 1469 Ἀργείοι
903 1380 941 1450 δὲ
949 1379 1099 1471 ὕστερον
1112 1382 1172 1454 τόν

153 1481 307 1571 δρασμόν
321 1488 390 1550 τῶν
401 1486 560 1568 Θηβαίων
573 1481 742 1569 μαθόντες
755 1486 900 1551 είσίασιν
913 1487 962 1562 είς
978 1480 1043 1568 τήν
1060 1483 1174 1572 πόλιν,

152 1585 210 1653 καὶ
228 1589 490 1671 συναθροίζουσι
507 1581 571 1669 τήν
589 1587 695 1667 λείαν,
713 1581 769 1651 καὶ
788 1588 992 1670 καθαιροῦσι
1009 1585 1052 1652 τά
1070 1593 1174 1674 τείχη.

152 1689 211 1773 τής
229 1684 268 1754 δὲ
285 1689 377 1764 λείας
401 1685 503 1772 μέρος
526 1690 575 1764 είς
594 1683 756 1772 Δελφούς
780 1687 972 1772 πέμπουσιν
986 1681 1176 1756 Ἀπόλλωνι
1191 1701 1218 1753 1ο

152 1787 281 1873 καὶτήν
297 1791 468 1874 Τειρεσίου
476 1785 651 1872 θυγατέρα
662 1783 808 1854 Μαντώ·
835 1783 1060 1874 ηύξαντογάρ
1073 1785 1172 1879 αύτῷ

154 1888 268 1976 Θήβας
288 1886 420 1966 ἑλόντες
437 1884 474 1954 τό
492 1886 673 1955 κάλλιστον
696 1890 765 1953 τῶν
789 1886 954 1974 λαφύρων
972 1883 1172 1975 ἀναθήσειν.

118 2010 134 2060 5
228 1989 312 2077 μετά
331 1987 369 2057 δὲ
386 1986 449 2074 τήν
468 1990 592 2074 Θηβῶν
609 1983 736 2055 ἅλωσιν
760 1985 965 2075 αἰσθόμενος
979 1983 1174 2076 Ἀλκμαίων

152 2090 209 2158 καὶ
234 2088 285 2157 ἐπ’
313 2087 407 2180 αύτῷ
431 2091 524 2176 δῶρα
549 2095 732 2177 εἰληφυῖαν
751 2086 937 2178 Ἐριφύλην
960 2087 1023 2174 τήν
1045 2092 1174 2181 μητέρα

152 2194 282 2279 μᾶλλον
304 2187 536 2278 ἠγανάκτησε,
558 2191 615 2258 καὶ
640 2187 826 2277 χρήσαντος
839 2187 1053 2270 ’Λπόλλωνος
1080 2191 1174 2283 αύτῷ
1191 2206 1219 2261 ιδ

152 2293 213 2380 τήν
230 2291 358 2380 μητέρα
375 2290 577 2360 ἀπέκτεινεν.
614 2295 696 2359 ἔνιοι
717 2289 781 2379 μὲν
805 2292 943 2379 λέγουσι
967 2289 1035 2359 σύν
1050 2287 1175 2380 ’Λμφι-

152 2393 244 2486 λόχφ
261 2397 308 2484 τῷ
335 2388 474 2485 ἀδελφῷ
502 2405 631 2461 κτεῖναι
651 2391 714 2478 τήν
729 2390 928 2480 Ἐριφύλην,
954 2398 1036 2462 ἔνιοι
1060 2391 1100 2462 δὲ
1125 2392 1176 2464 ὅτι

127 2493 265 2589 ιμόνος.
297 2493 509 2582 Ἀλκμαίωνα
533 2492 571 2562 δὲ
594 2491 902 2583 μετήλθεν·έρινύς
926 2495 987 2561 τοῦ
1013 2490 1175 2585 μητρῴου

154 2595 278 2683 φόνου,
301 2595 359 2663 καὶ
384 2596 540 2684 μεμηνὼς
563 2599 698 2681 πρῶτον
722 2593 786 2682 μὲν
809 2599 858 2674 είς
880 2591 1064 2683 Ἀρκαδίαν
1090 2594 1176 2685 πρὸς

149 2692 281 2767 Ὀικλέα
295 2703 528 2786 παραγίνεται,
544 2698 676 2765 έκεῑθεν
686 2695 725 2764 δὲ
733 2703 781 2776 είς
794 2700 940 2785 Ψωφίδα
950 2694 1036 2785 πρός
1047 2694 1174 2785 Φηγέα.
1191 2711 1219 2764 κο

153 2799 339 2886 καθαρθεὶς
366 2798 404 2866 δὲ
429 2796 491 2867 ἀπ’
512 2797 618 2867 αύτοῦ
635 2795 813 2886 Ἀρσινόην
835 2811 938 2884 γαμεῖ
960 2795 1023 2885 τήν
1047 2798 1175 2868 τούτου

152 2900 341 2988 θυγατέρα,
355 2901 412 2968 καὶ
426 2898 485 2968 τόν
498 2925 533 2967 τε
546 2897 652 2987 όρμον
661 2899 719 2966 καὶ
728 2895 790 2968 τόν
802 2899 931 2967 πέπλον
941 2897 1175 2989 έδωκεταύτη.

128 3001 336 3090 3γενομένης
353 3001 392 3070 δὲ
409 2997 553 3089 ὕστερον
570 3000 630 3085 τῆς
647 3001 711 3085 γης
729 2997 774 3068 δι’
794 2996 899 3068 αύτὸν
918 2996 1064 3090 ἀφόρου,
1090 3000 1170 3090 ’χρή

154 3123 275 3183 σαντος
295 3100 389 3196 αύτῷ
403 3106 466 3171 τού
479 3105 564 3171 θεοῦ
579 3103 663 3191 πρὸς
678 3098 844 3194 ’Λχελῷον
862 3099 995 3170 ἀπιέναι
1012 3101 1067 3169 καὶ
1088 3101 1171 3188 παρ’

154 3207 287 3274 ἐκεῖνον
310 3208 525 3273 παλινδικίαν
551 3199 748 3292 λαμβάνειν,
778 3201 817 3271 τό
840 3201 904 3290 μέν
929 3207 1065 3293 πρῶτον
1089 3205 1177 3293 πρός
1192 3216 1219 3270 θλ

157 3305 263 3376 Οἰνέα
287 3311 506 3394 παραγίνεται
530 3311 578 3384 είς
604 3304 799 3374 Καλυδῶνα
822 3304 880 3371 καὶ
904 3305 1061 3388 ξενίζεται
1090 3300 1174 3394 παρ’

153 3404 275 3493 αύτού,
300 3413 410 3476 ἔπειτα
434 3404 638 3494 ἀφικόμενος
662 3413 711 3486 είς
734 3404 959 3494 Θεσπρωτούς
977 3409 1037 3494 τῆς
1061 3404 1175 3496 χώρας
