2446 3944
131 202 175 267 40
440 182 832 265 ἐντετι-

131 363 284 449 γατέρων
301 357 359 443 τάς
383 360 445 450 μὲν
464 362 613 450 κεφαλὰς
636 368 705 431 τών
729 367 890 450 νυμφίων
916 363 953 429 ἐν
971 362 1013 448 τῇ
1033 359 1154 450 Λέρνη

130 462 350 552 κατώρυξαν,
369 462 409 533 τά
428 461 466 533 δέ
485 463 623 552 σώματα
637 464 703 552 πρὸ
721 465 781 551 τῆς
799 463 930 543 πόλεως
950 460 1154 548 ἐκήδευσαν.

131 566 188 635 καὶ
206 563 312 646 αὐτάς
330 563 501 652 ἐκάθηραν
516 563 644 653 Ἀθηνᾶ
662 591 698 634 τε
716 565 772 633 καὶ
785 562 907 654 Ἑρμῆς
927 563 1011 643 Διός
1028 562 1153 633 κελεά*

94 686 264 745 12σαυτος.
310 665 448 745 Δαναός
475 665 514 734 δὲ
544 664 690 754 ὕστερον
717 664 991 754 Ὑπερμνήστραν
1020 674 1159 750 Λυγκεῖ

133 768 316 858 συνῴκισε,
331 764 439 847 τάςδέ
452 768 572 846 λοιπάς
584 767 777 855 θυγατέρας
792 775 841 846 είς
854 764 1021 854 γυμνικὸν
1034 763 1156 852 ἀγώνα
1171 783 1190 843 ο

132 883 204 948 τοῖς
221 873 362 936 νικῶσιν
381 872 517 937 ἔδωκεν.

93 991 119 1030 1³
208 963 387 1056 ’Λμυμώνη
411 969 450 1038 δὲ
474 971 510 1038 ἐκ
536 973 749 1048 Ποσειδῶνος
776 971 935 1055 ἐγέννησε
959 967 1156 1037 Ναύπλιον.

134 1061 235 1151 οὗτος
252 1071 434 1159 μακρόβιος
452 1071 646 1158 γενόμενος,
664 1070 776 1139 πλέων
790 1069 852 1159 τήν
865 1067 1064 1157 θάλασσαν,
1081 1083 1157 1148 τοῖς

135 1173 360 1260 ἐμπίπτουσιν
385 1172 440 1240 ἐπὶ
462 1171 605 1262 θανάτῳ
630 1171 820 1259 ἐδυσφόρει.
857 1171 983 1258 συνέβη
1007 1160 1072 1239 οὖν
1094 1171 1155 1238 καί

136 1270 247 1341 αὐτόν
264 1277 460 1359 τελευτῆσαι
478 1275 596 1364 ἐκείνῳ
614 1274 661 1362 τῷ
679 1272 820 1365 θανάτῳ
847 1265 940 1365 ᾧπερ
964 1268 1079 1339 ἄλλων
1096 1297 1154 1340 τε·
1175 1287 1206 1339 ιο

96 1396 123 1433 14
138 1373 375 1461 λευτησάντοιν
394 1373 585 1461 ἐδυσφόρει.
618 1373 700 1461 πρὶν
723 1372 763 1443 δέ
785 1375 997 1460 τελευτήσαι,
1016 1378 1153 1461 ἔγημεν,

134 1472 180 1555 τός
197 1474 260 1563 μέν
279 1480 316 1544 οἱ
336 1475 487 1563 τραγικοὶ
515 1476 667 1562 λέγουσι,
692 1475 876 1563 Κλυμένην
900 1475 962 1561 τήν
980 1475 1155 1560 Κατρέως,

133 1572 180 1657 ώς
195 1575 233 1644 δέ
246 1573 265 1643 ὁ
278 1576 365 1655 τούς
378 1574 523 1656 νόστους
536 1575 682 1662 γράψας,
700 1574 865 1664 Φιλύραν,
880 1572 925 1655 ώς
939 1574 977 1644 δὲ
991 1573 1155 1663 Κέρκωψ,

128 1673 308 1765 Ἡσιόνην,
343 1678 400 1745 καὶ
425 1674 583 1764 ἐγέννησε
607 1675 817 1765 Παλαμήδην
843 1685 952 1747 Οἴακα
976 1677 1156 1762 Ναυσιμέ-

133 1781 247 1846 δοντ.
563 1820 572 1839 ι
1174 1794 1209 1845 ιο

97 1890 118 1952 2
212 1805 370 1966 άλυγκεός
389 1877 427 1948 δὲ
443 1877 525 1966 μετά
545 1880 689 1949 Δαναόν
702 1876 1092 1973 ’Ἁργουςιδυναστεόων
1119 1879 1155 1958 ἐξ

133 1978 405 2068 Ὑπερμνήστρας
429 1995 545 2048 τεκνοῖ
569 1984 674 2048 παῖδα
688 1977 848 2066 ’Ἄβαντα
885 1977 1009 2048 τούτου
1035 1977 1074 2047 δὲ
1095 1980 1156 2047 καὶ

131 2079 290 2165 ’Λγλαλας
303 2085 362 2168 τής
376 2082 576 2160 Μαντινέως
590 2084 730 2169 δίδυμοι
743 2084 860 2160 παῖδες
876 2081 1031 2166 ἐγένοντο
1041 2079 1156 2168 ’Λκρι-

108 2204 120 2242 2
135 2202 205 2261 στος
222 2182 279 2250 καὶ
297 2191 453 2275 Προῖτος.
479 2173 573 2250 οὗτοι
589 2179 743 2250 καὶκατὰ
758 2180 976 2268 γαστρὸςμέν
994 2186 1042 2249 ἐτι
1058 2177 1156 2260 ὄντες

134 2284 330 2366 ἐστασίαζον
348 2281 434 2370 πρὸς
452 2279 638 2369 ἀλλήλους,
665 2282 711 2363 ώς
730 2282 768 2351 δὲ
794 2280 1051 2372 ἀνετράφησαν,
1075 2281 1155 2368 περὶ
1173 2301 1209 2352 20

75 2410 79 2417 ·
133 2389 195 2472 τής
212 2390 383 2471 βασιλείας
398 2383 599 2472 ἐπολέμουν,
616 2385 674 2451 καὶ
688 2387 916 2471 πολεμοῦντες
930 2374 1034 2470 εὗρον
1048 2378 1154 2452 άσπί-

133 2490 195 2564 δας
224 2488 359 2572 πρῶτοι.
400 2484 457 2553 καὶ
480 2484 649 2572 κρατήσας
663 2483 828 2571 ’Λκρίσιος
847 2481 1155 2574 ΠροῖτονἍργους

110 2587 319 2667 δέξελαάνει.
357 2583 376 2654 δ
395 2585 433 2654 δέ
449 2575 531 2670 ήκεν
549 2593 598 2666 είς
615 2593 751 2656 Λυκίαν
768 2585 854 2672 πρός
868 2584 1031 2672 Ἰοβάτην,
1050 2583 1097 2664 ώς
1114 2585 1158 2653 δέ

132 2686 221 2766 τινές
238 2708 330 2775 φασι,
350 2685 435 2773 πρὸς
452 2683 698 2774 Ἀμφιάνακτα·
734 2686 791 2755 καλ
815 2703 915 2774 γαμεῖ
939 2683 1002 2772 τήν
1026 2685 1153 2754 τούτου

131 2789 318 2877 θυγατέρα,
337 2785 383 2868 ώς
400 2785 638 2875 μὲνὍμηρος,
656 2785 832 2874 Ἄντειαν,
857 2787 903 2867 ώς
922 2785 960 2855 δὲ
978 2791 1015 2855 οί
1030 2813 1147 2874 τραγι-
1171 2806 1207 2857 2ο

133 2895 207 2978 κοί,
232 2889 453 2976 Σθενέβοιαν.
490 2889 627 2975 κατάγει
651 2888 689 2958 δὲ
713 2887 819 2957 αὐτὸν
845 2880 1043 2976 ὁκηδεστής
1067 2886 1151 2975 μετά

134 2995 281 3079 στρατοῦ
299 2996 459 3076 Λυκίων,
477 2991 535 3059 καὶ
553 2989 800 3076 καταλαμβάνει
823 2997 998 3078 Τίρυνθα,
1023 2989 1153 3076 ταύτην

106 3091 227 3183 4αότῷ
242 3091 445 3163 Κυκλώπων
465 3090 690 3179 τειχισάντων.
708 3090 923 3178 μερισάμενοι
939 3089 978 3160 δέ
995 3087 1058 3177 τήν
1072 3088 1152 3176 Ἀρ-

133 3201 233 3277 γείαν
251 3191 387 3263 ἅπασαν
400 3192 590 3285 κατῴκουν,
604 3193 661 3260 καὶ
674 3189 839 3280 Ἀκρίσιος
852 3189 1073 3280 μὲν”Αργους
1086 3199 1152 3278 βα-

97 3314 115 3364 2
133 3294 269 3382 σιλεώει,
284 3307 431 3383 Προῖτος
445 3294 484 3363 δὲ
499 3302 680 3383 Τίρυνθος.
709 3294 765 3362 καὶ
779 3302 909 3378 γίνεται
918 3290 1075 3385 ’Λκρισίῳ
1087 3292 1152 3380 μὲν
1170 3310 1207 3362 30

134 3397 167 3477 ἐξ
188 3390 385 3482 Εὐρυδίκης
401 3401 461 3482 τής
480 3400 733 3484 Λακεδαίμονος
753 3393 885 3481 Δανάη,
900 3399 1038 3485 Προίτῳ
1056 3392 1095 3462 δὲ
1114 3397 1152 3462 ἐκ

105 3517 119 3557 2
133 3503 343 3584 Σθενεβοίας
357 3503 520 3585 Λυσίππη
534 3498 592 3565 καί
606 3493 812 3583 Ἰφιάνασσα.
837 3487 937 3563 αὗται
954 3493 992 3562 δέ
1012 3493 1059 3573 ώς
1077 3496 1151 3562 ἐτε-
