2446 3944
105 201 147 267 68
438 210 799 263 -2‘143—

109 367 280 453 Ναυπλίῳ
299 364 347 454 τῷ
362 364 577 441 Ποσειδῶνος
590 353 774 448 ὑπερόριον
788 359 1035 450 ἀπεμπολῆσαι.
1055 359 1128 432 δδδ

111 461 303 551 Τεύθραντι
316 465 363 553 τῷ
385 468 600 552 Τευθρανίας
615 466 741 532 ἔδωκεν
754 462 863 551 αύτῆν
877 462 1045 554 δυνάστῃ,
1062 458 1128 533 κά-

106 579 218 645 κελυος
236 579 385 650 γυναῖκα
403 564 589 649 ἐποιήσατο.

72 684 89 736 θ
179 663 347 755 Ἡρακλῆς
365 665 403 735 δὲ
421 663 695 753 παραγενόμενος
709 671 757 746 είς
772 669 968 736 Καλυδῶνα
981 666 1046 756 τήν
1063 673 1126 737 ol-

105 767 191 848 νέως
208 769 384 855 θυγατέρα
402 768 608 856 Δηιάνειραν
628 767 893 855 ἐμνηστεύσατο,
920 768 977 837 καὶ
1002 775 1159 840 &maa-5

108 874 226 950 λαίσας
243 867 330 955 ύπὲρ
348 873 418 937 τῶν
431 868 550 957 γάμων
564 866 669 954 αὐτῆς
687 867 771 958 πρός
787 866 954 962 Ἀχελῷον
968 871 1128 959 εἰκασμέ-

107 997 169 1039 νον
187 972 303 1063 ταύρῳ
321 971 518 1059 περιέκλασε
531 971 569 1038 τό
587 972 702 1058 ἕτερον
715 975 785 1039 τῶν
798 970 960 1061 κεράτων.
992 974 1052 1042 καὶ
1066 972 1130 1059 τήν

106 1071 170 1160 μέν
190 1073 395 1162 Δηιάνειραν
414 1087 524 1160 γαμεῖ,
542 1069 581 1140 τό
596 1071 635 1140 δέ
652 1072 753 1161 κέρας
767 1069 932 1165 Ἀχελῷος
951 1074 1129 1163 λαμβάνει,

81 1174 191 1255 ’δούς
216 1172 293 1243 ἀντὶ
317 1173 441 1243 τούτου
459 1172 495 1241 τό
522 1179 587 1261 τῆς.
596 1169 810 1261 Ἀμαλθείας.
826 1173 1009 1263 Ἀμάλθεια
1028 1175 1068 1245 δὲ
1085 1168 1129 1264 ῆν

110 1281 280 1363 Αλμονίου
298 1274 468 1364 θυγάτηρ,
485 1271 508 1363 ῆ
526 1275 626 1365 κέρας
644 1273 712 1362 εἶχε
729 1275 870 1365 ταύρου.
906 1279 1007 1346 τούτο
1016 1277 1068 1366 δὲ,
1083 1274 1129 1357 οἱς
1147 1293 1172 1347 lt

111 1377 305 1464 Φερεκύδης
329 1378 433 1464 λέγει,
459 1375 606 1465 δύναμιν
631 1383 696 1464 ἔχει
712 1376 874 1465 τοιαύτην
893 1377 978 1448 άστε
994 1380 1130 1468 βρωτὸν

107 1474 127 1565 ῆ
147 1478 263 1567 ποτόν,
283 1477 365 1568 ὅπερ
393 1477 525 1562 εύξαιτό
541 1505 603 1564 τις,
630 1477 786 1568 παρέχειν
804 1477 973 1565 ἄφθονον.

74 1596 92 1649 6
186 1581 360 1671 στρατεύει
384 1580 423 1648 δὲ
435 1578 602 1669 Ἡρακλῆς
624 1580 707 1667 μετά
725 1585 961 1650 Καλυδωνίων
988 1581 1044 1651 ἐπὶ
1063 1591 1130 1652 Θε·

108 1680 300 1769 σπρωτούς,
317 1681 375 1750 καὶ
393 1680 492 1750 πόλιν
513 1678 780 1769 ἕλάνἝφυραν,
799 1672 836 1769 ῆς
854 1685 1032 1769 ἐβασίλευε
1053 1683 1126 1752 Φύ-

108 1791 182 1870 λας,
193 1781 359 1873 Ἀστυόχη
374 1786 415 1872 τῆ
430 1782 554 1852 τούτου
564 1785 711 1871 θυγατρὶ
723 1782 904 1852 συνελθόν
912 1782 1023 1872 πατὴρ
1040 1792 1129 1872 Τλη-
1147 1801 1172 1852 ιε

108 1885 258 1973 πολέμου
272 1891 406 1972 γίνεται.
432 1887 594 1973 διατελῶν
608 1884 647 1952 δὲ
660 1883 736 1974 παρ’
751 1881 881 1972 αὐτοῖς,
895 1885 1030 1973 πέμψας
1044 1886 1131 1976 πρὸς

110 1989 256 2056 Θέσπιον
275 1987 357 2056 έπτόι
375 1986 439 2074 μὲν
462 1987 614 2073 κατέχειν
633 1992 727 2072 έλεγε
744 1991 886 2072 παίδας,
913 2001 1004 2077 τρεῖς
1021 1987 1063 2056 δὲ
1079 1994 1130 2068 είς

111 2089 226 2176 Θήβας
240 2087 471 2177 ἀποστέλλειν,
485 2088 564 2167 τούς
574 2086 613 2155 δὲ
626 2086 768 2168 λοιπούς
781 2089 1032 2176 τεσσαράκοντα
1042 2089 1130 2178 πέμ·

83 2210 184 2260 επειυ
203 2195 251 2271 είς
270 2189 403 2276 Σαρδοὶ
415 2188 478 2276 τήν
491 2191 597 2277 νῆσον
611 2186 851 2258 ἐπ’,όιποικίαν
883 2193 1079 2278 γενομένων
1091 2189 1131 2259 δὲ

109 2290 239 2384 τούτων
266 2288 498 2379 εὐωχούμενος
517 2289 608 2379 παρά
631 2297 730 2360 Οίνεί
751 2290 808 2359 καὶ
825 2290 984 2384 κουδύλςο
1003 2290 1131 2379 πλήξας
1147 2309 1172 2361 2(

110 2392 305 2464 ἀπέκτεινεν
320 2392 529 2482 Ἀρχιτέλους
548 2396 654 2461 παῖδα
667 2390 829 2481 Εὔνομον
841 2392 924 2461 κατὰ
938 2397 1063 2482 χειρῶν
1077 2398 1130 2462 δι-

83 2493 229 2563 εδόντα·
256 2495 423 2582 συγγενής
444 2494 483 2563 δὲ
505 2495 632 2573 Οίνέως
650 2484 759 2573 οὗτος.
796 2488 912 2562 άλλ’ὁ
937 2493 1000 2582 μέν
1019 2493 1130 2582 πατήρ

108 2600 172 2665 τού
186 2596 318 2683 παιδός,
338 2595 508 2677 ἀκουσίως
526 2595 753 2683 γεγενημένου
778 2597 840 2663 τού
866 2595 1130 2685 συμβεβηκότος,

110 2697 374 2785 συνεγνωμόνει,
390 2695 558 2788 Ἡρακλῆς
577 2697 615 2765 δέ
632 2698 717 2765 κατὰ
733 2695 795 2766 τόν
812 2695 920 2785 νόμον
937 2695 1000 2785 τήν
1014 2698 1131 2786 φυγήν

108 2799 293 2887 ὑπομένειν
310 2797 424 2886 ῆθελε,
441 2799 498 2867 καὶ
513 2799 554 2886 δή
570 2806 658 2887 ἔγνω
673 2796 759 2888 πρός
773 2798 895 2885 Κήυκα
910 2807 958 2879 είς
979 2808 1130 2889 Τραχῖνα
1146 2815 1172 2867 λλ

83 2898 251 2970 εάπιέναι.
277 2899 370 2987 άγων
386 2899 424 2968 δὲ
435 2890 640 2991 Δηιάνειραν
656 2901 711 2970 ἐπὶ
723 2898 874 2987 ποταμόν
885 2898 1025 2989 Εὔηνον
1037 2893 1130 2990 ῆκευ,

110 3005 148 3071 έν
167 2992 194 3097 ᾦ
213 3001 436 3091 καθεζόμενος
455 3003 588 3082 Νέσσος
607 2999 625 3070 ό
643 3002 836 3089 Κένταυρος
848 3000 931 3081 τούς
945 3002 1131 3092 παριόντας

110 3103 335 3195 διεπόρθμευε
348 3109 488 3192 μισθοῦ,
508 3106 616 3191 λέγων
629 3103 720 3192 παρά
739 3108 834 3172 θεῶν
855 3102 918 3191 τήν
937 3111 1131 3194 πορθμείαν

85 3207 286 3296 δείληφέυαι
312 3202 366 3275 διά
393 3205 619 3296 δικαιοσύνην.
657 3204 762 3284 αύτὸς
785 3205 848 3293 μὲν
874 3197 938 3273 οὖν
961 3199 1130 3294 Ἡρακλῆς

109 3309 169 3377 τόν
187 3307 339 3397 ποταμόν
354 3306 452 3397 διήει,
472 3307 677 3398 Δηιάνειραν
691 3307 730 3376 δὲ
748 3307 874 3394 μισθόν
894 3309 1048 3395 αίτηθεὶς
1070 3311 1127 3376 έπ-
1148 3321 1172 3375 3(

111 3409 229 3497 έτρεψε
247 3411 372 3503 Νέσσῳ
396 3416 605 3497 διακομίζειν.
643 3407 663 3479 ό
682 3409 720 3479 δὲ
739 3408 1002 3499 διαπορθμεύων
1021 3408 1131 3497 αὐτὴν

112 3513 273 3601 ἐπεχείρει
286 3511 469 3600 βιάζεσθαι.
495 3517 552 3602 τῆς
567 3511 605 3580 δέ
619 3509 878 3601 ἀνακραγούσης
893 3509 1129 3598 αίσθόμενοςὸ
