2446 3944
106 179 147 244 72
436 192 801 242 -εειν-

106 343 253 423 ξανδρον
281 337 490 426 Ἰφιμέδοντα
529 338 702 428 Εὐρύβιον
732 341 896 426 Μέντορα
927 341 1126 430 Περιμήδην

79 439 320 510 οάπέκτειυαν·
357 439 464 510 αύτδν
483 439 521 510 δέ
542 440 726 525 Εὐρυσθέα
742 440 917 528 φεύγοντα
936 441 993 530 ἐφ’
1014 440 1124 531 ἅρμα-

104 569 160 622 τος
179 543 235 611 καὶ
253 544 376 630 πέτρας
393 540 458 630 ήδη
476 541 732 631 παριππεύοντα
751 548 983 632 Σκειρωνίδας
1000 555 1121 615 κτείνει

105 642 360 726 διόξαςὝλλος.
386 644 443 712 καὶ
451 642 515 730 τήν
528 643 591 732 μέν
604 645 755 732 κεφαλήν
765 643 944 733 ἀποτεμοδν
953 644 1123 735 Ἀλκμήνη

106 750 262 816 δίδωσιν·
282 742 354 834 ήδέ
368 752 495 834 κερκίσι
508 744 589 826 τούς
608 743 810 834 ὀφθαλμούς
825 746 991 835 ἐξώρυξεν
1005 748 1152 822 αύτοῦ.ι

71 872 89 921 2
181 844 396 934 ἀπολομένου
414 847 452 916 δὲ
472 844 684 936 Εὐρυσθέως
702 849 757 917 ἐπὶ
775 850 1042 938 Πελοπόννησον
1059 840 1126 936 ήλ-

106 958 172 1017 θον
190 952 225 1017 oc
236 945 462 1039 Ἡρακλεῖδαι,
479 950 538 1018 καὶ
556 949 666 1030 πόσας
680 945 773 1019 εἷλον
787 949 847 1030 τάς
862 951 986 1030 πόλεις.
1006 954 1123 1021 έυιαυ-

107 1051 169 1120 τὸν
187 1049 225 1119 δὲ
250 1050 368 1131 αύτοίς
386 1053 423 1119 έν
440 1054 482 1140 τῇ
499 1051 642 1143 καθόδῳ
665 1053 855 1140 γενομένοις
873 1051 990 1142 φθορά
1009 1056 1127 1121 πᾶσαν

108 1153 372 1239 Πελοπόννησον
389 1157 545 1240 κατέσχε,
563 1154 620 1222 καὶ
643 1151 772 1240 ταύτην
793 1153 954 1239 γενέσθαι
977 1151 1128 1244 χρησμός

108 1253 164 1321 διά
177 1253 258 1334 τούς
267 1251 487 1343 Ἡρακλείδας
502 1252 643 1341 ἐδήλου·
670 1250 735 1340 πρό
750 1255 816 1340 γάρ
830 1257 891 1324 του
907 1256 1045 1336 δέοντος
1059 1251 1126 1324 αύ-
1144 1272 1180 1329 1!

83 1357 190 1434 ετοδς
208 1363 397 1424 κατελθεῖν.
432 1353 516 1425 ὅθεν
533 1350 760 1436 ἀπολιπόντες
778 1356 1045 1444 Πελοπόννησον
1062 1348 1124 1445 ήλ-

109 1467 175 1526 θον
193 1464 243 1536 είς
261 1463 479 1546 Μαραθῶνα,
497 1454 596 1526 κάκεί
609 1457 798 1548 κατῴκουν.
832 1457 1047 1546 Τληπόλεμος
1061 1449 1128 1528 οὖν

108 1564 242 1638 κτείνας
261 1557 323 1645 ούχ
343 1558 430 1628 έκάν
447 1559 635 1646 Λικύμνιον
659 1556 717 1646 (τῇ
735 1564 899 1648 βακτηρίᾳ
914 1554 990 1646 ’γάρ
1015 1560 1128 1629 αύτοῦ·

107 1660 303 1746 θεράποντα
317 1659 524 1746 πλήσσοντος
537 1657 723 1747 ὑπέδραμε,
735 1661 817 1747 πρὶν
831 1663 983 1741 ἐξελθεῖν
996 1657 1127 1740 αύτούς

111 1763 147 1829 έκ
165 1759 447 1851 Πελοποννήσου)
465 1761 607 1847 φεύγων
629 1753 695 1829 ούν
713 1760 783 1848 μετ’
803 1761 868 1830 σύκ
893 1759 1020 1846 ὀλίγον
1047 1755 1129 1850 ήκεν
1148 1782 1180 1836 lt

85 1868 159 1942 οείς
183 1861 315 1950 Ῥόδον,
340 1862 440 1933 κάκεῖ
460 1863 612 1955 κατρίκει.
643 1860 762 1941 Ὕλλος
786 1861 824 1931 δέ
848 1860 910 1948 τήν
936 1863 999 1949 μέν
1021 1858 1131 1952 Ἰόλην

110 1964 195 2031 κατά
213 1964 275 2050 τήν
297 1970 359 2034 τού
382 1965 509 2054 πατρὸς
535 1963 675 2050 ἐντολήν
695 1970 812 2051 ἔγημε,
840 1961 904 2051 τήν
922 1963 961 2032 δὲ
978 1963 1136 2033 κάθοδου

112 2064 213 2151 έζήτει
234 2081 305 2146 τοῖς
326 2067 557 2154 Ἡρακλείδαις
574 2064 855 2152 κατεργάσασθαι.
899 2066 951 2134 διδ
977 2071 1130 2154 παραγε-

110 2166 252 2254 νόμενος
271 2172 319 2247 είς
337 2167 497 2255 Δελφούς
518 2167 731 2236 ἐπυνθάνετο
755 2172 827 2246 πῶς
852 2163 897 2235 ἀν
920 2167 1129 2236 κατέλθοιεν.

111 2265 129 2335 ὁ
156 2267 194 2336 δὲ
223 2268 305 2348 θεὸς
338 2275 440 2357 ἔφησε
469 2274 726 2356 περιμείναντας
756 2270 818 2336 τὸν
848 2274 964 2353 τρίτον
995 2267 1131 2357 καρπόν
1149 2292 1180 2348 20

85 2372 340 2460 ι’κατέρχεσθαι.
376 2376 518 2457 νομίσας
542 2370 580 2438 δὲ
594 2368 714 2449 Ὕλλος
737 2376 851 2459 τρίτον
874 2369 1009 2456 καρπόν
1033 2371 1133 2456 λέγε”

112 2481 194 2540 σθαι
222 2473 285 2559 τήν
302 2478 467 2560 τριετίαν,
491 2475 656 2540 τοσούτου
686 2481 879 2558 περιμείνας
907 2471 1034 2558 χρόνον
1066 2470 1135 2540 σόν

112 2580 160 2662 τῷ
177 2579 310 2664 στρατῷ
329 2573 445 2662 κατήει
463 2627 471 2642 .
488 2627 494 2641 .
511 2626 519 2642 .
537 2575 599 2642 τού
615 2570 817 2661 Ἡρακλέους
833 2574 890 2640 έπλ
907 2572 1134 2661 Πελοπόννη-

114 2694 194 2761 σον,
218 2681 406 2762 Τισαμενοῦ
425 2678 487 2743 τοῦ
501 2673 660 2763 Ὀρέστου
687 2674 927 2762 βασιλεύοντος
955 2681 1135 2744 Πελοπον-

113 2781 253 2864 νησίων.
289 2776 346 2845 καὶ
369 2777 551 2864 γενομένης
574 2776 676 2844 πόλιν
693 2775 800 2864 μάχης
820 2779 937 2843 νικῶσι
955 2783 1180 2855 Πελοπον-οη

89 2876 227 2964 ὀνήσιοι
252 2879 311 2946 καί
332 2875 570 2965 Ἀριστόμαχος
592 2878 744 2964 θνήσκει.
787 2878 861 2946 έπεῑ
885 2875 923 2944 δὲ
949 2875 1131 2966 ήνδρίώη-

118 3000 183 3048 σαν
201 2985 237 3049 oc
252 2983 443 3049 Κλεοδαίου
462 2982 594 3065 παῖδες,
614 2982 761 3067 έχροῖντο
780 2979 858 3066 περὶ
876 2976 1040 3047 καθόδου.
1072 2983 1135 3047 τού

117 3085 202 3151 θεοῦ
222 3081 261 3151 δέ
279 3080 434 3161 εἰπόντος
453 3077 473 3148 ὅ
488 3107 520 3148 τι
536 3080 593 3149 καί
610 3077 649 3149 τό
666 3079 844 3167 πρότερον,
869 3078 1016 3166 Τήμενος
1035 3079 1132 3168 ήτιά-

92 3203 155 3250 ατο
180 3186 289 3270 λέγων
315 3183 422 3275 τούτῳ
447 3183 628 3252 πεισθέντα
646 3179 819 3269 ἀτυχήσοι.
855 3178 874 3250 ὁ
898 3179 937 3248 δέ
953 3181 1036 3260 θεὸς
1053 3180 1136 3250 ἀντ·

116 3299 189 3354 ελπε
205 3291 274 3354 τῶν
292 3282 515 3373 ἀτυχημάτων
539 3282 667 3362 αύτούς
691 3289 823 3361 αίτίους
839 3281 940 3351 εἶναι·
966 3281 1049 3362 τούς
1069 3283 1134 3370 γάρ
1151 3304 1180 3361 3η

115 3384 339 3475 χρησμοόςού
349 3387 574 3475 συμβάλλειν·
594 3387 703 3471 λέγειν
713 3382 830 3470 γάρού
843 3390 904 3472 γῆς
914 3377 1000 3452 ἀλλά
1015 3388 1133 3470 γενεᾶς

115 3486 250 3578 καρπόν
262 3494 388 3579 τρίτον,
404 3488 461 3556 καί
475 3486 668 3578 στενυγρὰν
681 3483 743 3573 τήν
759 3485 1010 3575 εάρυγάστορα,
1023 3485 1136 3565 δεξιὰν
