2446 3944
117 171 159 238 58
448 184 811 234 -νιεε-

117 340 252 414 κτείνας
275 333 336 402 τὸν
359 333 508 421 ζωστῆρα
533 330 740 420 ἀφαιρεῖται,
765 331 851 421 πρὸς
876 331 915 400 δὲ
938 331 998 412 τὰς
1021 331 1148 414 λοιπάς

117 433 367 523 ἀγωνισάμενος
384 433 541 520 ἀποπλεῖ,
559 435 616 501 καλ
635 440 809 520 προσίσχει
833 439 949 523 Τροίᾳ.

91 556 106 597 ⁹
195 534 414 624 συνεβεβήκει
427 535 467 604 δέ
479 533 553 603 τότε
566 532 651 603 κατά
666 538 768 622 μήνιν
778 531 991 616 ’Λπόλλωνος
1001 536 1058 604 καλ
1072 547 1146 606 Πο-

119 641 279 718 σειδῶνος
288 633 428 724 ἀτυχεῖν
439 633 500 724 τήν
509 634 619 705 πόλιν.
635 634 807 706 Ἀπόλλων
817 634 883 723 γάρ
893 637 950 703 καὶ
960 642 1145 709 Ποσειδῶν

117 738 180 828 τήν
194 739 429 827 Λαομέδοντος
442 735 543 826 ύβριυ
559 737 715 826 πειράσαι
728 738 901 823 θέλοντες,
920 740 1144 819 εἰκασθέντες
1164 759 1182 812 δ

119 835 316 927 ἀνθρώποις
334 836 521 926 ὑπέσχοντο
540 839 595 908 ἐπὶ
612 841 724 929 μισθῷ
742 852 878 924 τειχιεῖν
895 837 934 907 τὸ
943 839 1143 928 Πέργαμον.

80 965 106 1006 ιο
118 956 190 1022 τοῖς
208 940 245 1010 δὲ
263 947 423 1028 τειχίσασι
439 936 500 1009 τόν
517 940 644 1028 μισθὸν
662 936 726 1009 ούκ
744 938 921 1009 ἀπεδίδου.
958 939 1014 1009 διά
1035 947 1145 1011 τοῦτο

117 1041 295 1114 Ἀπόλλων
313 1040 376 1131 μέν
394 1041 511 1130 λοιμόν
527 1049 665 1131 έπεμψε,
682 1045 859 1112 Ποσειδῶν
876 1039 915 1110 δέ
933 1045 1033 1128 κῆτος
1051 1039 1144 1111 ἀνα-

120 1143 311 1232 φερόμενον
327 1141 396 1212 ύπὸ
416 1149 644 1231 πλημυρίδος,
668 1138 687 1210 ὃ
705 1140 787 1222 τούς
805 1145 843 1211 έν
860 1145 907 1233 τῷ
926 1148 1034 1236 πεδίῳ
1053 1165 1139 1213 συν-

82 1270 108 1311 u
121 1247 266 1335 η’ρπαξευ
280 1242 496 1334 ἀνθρώπους.
525 1249 684 1333 χρησμῶν
698 1242 736 1312 δέ
749 1242 920 1331 λεγόντων
937 1238 1143 1333 ἀπαλλαγήν
1165 1265 1185 1317 ιι

122 1354 259 1416 ἔσεσθαι
276 1350 347 1414 των
366 1348 566 1433 συμφορῶν,
585 1345 645 1416 έάν
659 1348 771 1433 προθή
782 1347 970 1433 Λαομέδων
981 1343 1143 1434 Ἡσιόνην

119 1445 183 1535 τήν
199 1449 375 1538 θυγατέρα
392 1446 505 1517 αύτοῦ
522 1445 630 1535 βοράυ
653 1449 700 1538 τῷ
726 1445 833 1533 κήτει,
859 1443 877 1514 ὃ
902 1446 940 1517 δὲ
964 1446 1143 1536 προύθηκε

83 1571 108 1611 12
122 1565 196 1630 ταῖς
210 1556 354 1638 πλησίου
368 1554 427 1636 τῆς
441 1549 615 1637 θαλάσσης
629 1547 764 1633 πέτραις
777 1548 1023 1638 προσαρτήσας.
1054 1549 1143 1619 ταύ-

121 1679 183 1737 την
203 1649 288 1719 ίδοδν
308 1651 500 1736 ἐκκειμένην
515 1647 681 1737 Ἡρακλής
698 1646 863 1736 ὑπέσχετο
881 1649 1003 1719 σώσειν
1017 1646 1142 1738 αύτήν,

116 1758 155 1820 ἐί
170 1751 229 1832 τὰς
247 1755 375 1832 ἵππους
393 1750 484 1841 παρὰ
495 1752 729 1840 Λαομέδοντος
748 1751 889 1837 λήψεται
902 1747 942 1831 ἀς
957 1750 1047 1832 Ζεδς
1061 1776 1140 1821 ποι·
1163 1771 1185 1823 ιι

118 1851 183 1940 νήν
201 1856 260 1940 τῆς
279 1851 505 1941 Γανυμήδους
522 1849 677 1941 ἁρπαγῆς
696 1855 809 1921 ἔδωκε.
844 1851 967 1921 δύσειν
988 1852 1027 1922 δέ
1046 1863 1141 1924 Λαο-

118 1957 281 2043 μέδοντος
306 1954 479 2041 εἰπόντος,
505 1962 639 2034 κτείνας
663 1952 701 2020 τό
727 1955 826 2040 κητος
840 1951 1000 2042 Ἡσιόνην
1024 1960 1141 2034 έσωσε.

118 2055 164 2145 μή
181 2056 392 2144 βουλομένου
411 2055 450 2124 δέ
467 2056 528 2126 τὸν
551 2052 679 2144 μισθόν
703 2049 913 2141 ἀποδοῦναι,
937 2056 1142 2143 πολεμήσειν

125 2165 251 2245 Τροίαν
268 2155 450 2244 ἀπειλήσας
468 2155 610 2245 ἀνήχθη.

83 2277 109 2318 1³
199 2259 256 2327 καλΙ
274 2265 449 2347 προσίσχει
468 2268 584 2349 Αἴνῳ,
608 2263 692 2328 ἔνθα
710 2259 867 2340 ξενίζεται
884 2255 953 2325 όπό
974 2257 1140 2339 Πόλτυος.
1162 2278 1185 2327 ει

121 2357 303 2429 ἀποπλέων
321 2358 359 2429 δὲ
374 2360 429 2428 έπὶ
443 2355 548 2448 ήόυος
561 2361 620 2445 τῆς
634 2365 758 2437 Αἰνίας
775 2357 996 2445 Σαρπηδόνα,
1015 2369 1142 2430 Ποσει-

121 2466 231 2541 δῶνος
248 2460 312 2549 μλυ
334 2458 414 2551 υίὸν
438 2459 590 2548 ἀδελφόν
614 2460 652 2529 δέ
670 2460 843 2544 Πόλτυος,
868 2457 1035 2548 ύβριστήυ
1059 2457 1141 2529 όντα

121 2561 281 2643 τοξεύσας
299 2559 482 2632 ἀπέκτεινε.
519 2564 576 2631 καὶ
595 2560 868 2649 παραγενόμενος
887 2569 936 2641 είς
951 2560 1066 2631 Θάσον
1083 2563 1142 2631 καὶ

123 2663 367 2751 χειρωσόμενος
385 2664 466 2744 τούς
487 2667 701 2745 ἐνοικοῦντας
712 2664 850 2752 Θρᾷκας
865 2667 969 2732 ἔδωκε
982 2662 1142 2742 τοῖςἈυ-

84 2786 110 2826 14
125 2763 255 2852 δρόγεω
269 2767 555 2834 παισὶκατοικειυ.
591 2769 627 2835 έκ
641 2766 756 2836 Θάσου
770 2764 808 2833 δέ
822 2761 984 2853 ὁρμηθεὶς
999 2767 1055 2834 ἐπὶ
1074 2773 1142 2834 Το-
1160 2784 1185 2834 21

121 2867 235 2955 ρύνην
254 2864 455 2952 Πολύγονον
478 2869 536 2936 καὶ
559 2867 761 2954 Τηλέγονον,
785 2865 867 2945 τούς
886 2868 1053 2953 Πρωτέως
1076 2870 1139 2934 τοῦ

122 2972 336 3048 Ποσειδωυος
354 2965 467 3056 υἱούς,
485 2952 641 3038 πάλαίειν
660 2968 960 3056 προκαλουμένους
978 2967 1062 3036 κατὰ
1077 2972 1142 3055 τήν

120 3066 270 3159 πάλην’
250 3067 434 3138 απέκτειυε
464 3076 606 3157 κομίσας
619 3068 706 3139 δὲ
672 3095 734 3138 τον
745 3071 896 3158 ζωστῆρα
910 3076 959 3148 είς
971 3069 1142 3156 Μυκήνας

122 3178 248 3241 ἔδωκεν
267 3169 454 3257 Εὐρυσθεῖ.

71 3289 104 3341 10
197 3273 338 3341 δέκατον
363 3270 444 3341 δέ’
428 3271 570 3361 επετάγη
595 3263 704 3342 ἀθλον
728 3271 788 3351 τὰς
808 3228 986 3358 Γηρυόνου
1004 3275 1089 3359 βοῦς
1108 3271 1141 3352 έξ
1159 3285 1185 3339 3(

116 3373 294 3461 Ἐρυθείας
319 3380 472 3463 κομίζειν
504 3372 662 3461 Ἐρύθεια
686 3365 768 3442 δέ
747 3401 791 3461 ην
806 3369 972 3442 Ὠκεανου
997 3379 1142 3460 πλησίον

94 3477 253 3564 θκειμένη
270 3482 390 3564 νῆσος,
408 3503 429 3563 η
443 3503 510 3544 νυν
524 3475 669 3564 Γάδειρα
687 3480 844 3543 καλεῖται.
880 3473 1009 3562 ταύτην
1026 3472 1140 3566 κατρί-
