2446 3944
100 196 143 262 56
462 209 761 257 -257-

102 359 225 425 τοῦτον
244 352 464 436 Ἀκουσίλαος
488 355 551 443 μὲν
578 354 670 424 εἷναί
691 379 775 444 φησι
798 357 859 426 τόν
886 359 1128 445 διαπορθμεύ-

103 481 209 526 σαντα
221 455 393 544 Εὐρωπην
403 463 474 542 Διί,
493 456 581 537 τινές
595 457 633 526 δὲ
646 458 707 526 τόν
719 456 788 527 ἀπό
804 461 1018 539 Ποσειδῶνος
1033 456 1129 526 ἀνα-

103 560 250 629 δοθέντα
270 562 306 627 έκ
323 559 515 644 θαλάσσης,
541 557 595 626 ὅτε
613 559 821 629 καταθύσειν
838 565 1028 630 Ποσειδῶνι
1049 569 1130 630 Μί-

80 682 172 740 κυως
192 660 263 728 εἶπε
280 660 317 727 τό
334 658 443 746 φανέν
461 661 497 726 έκ
514 663 572 746 της
589 659 773 748 θαλάσσης.
809 669 868 728 καί
884 683 967 748 φασι
992 662 1130 730 θεασά-

104 788 206 849 μενον
225 758 332 829 αὐτόν
350 763 410 828 τοῦ
429 760 559 848 ταύρου
577 759 616 828 τό
635 760 757 840 κάλλος
782 767 903 830 τοῦτον
925 767 987 850 μὲν
1013 769 1064 842 είς
1082 766 1129 831 τὰ
1147 785 1164 834 5

104 861 265 949 βουκόλια
285 857 498 949 ἀποπέμψαι,
516 866 623 929 θῦσαι
641 863 678 930 δέ
697 862 803 931 ἀλλον
821 868 1024 932 Ποσειδῶνι·
1064 865 1124 950 ἐφ’

78 984 91 1023 ³
105 958 156 1044 οἷς
171 961 372 1050 ὀργισθέντα
386 960 543 1032 τὸνθεόν
558 961 720 1049 ἀγριῶσαι
732 964 794 1032 τὸν
807 968 944 1053 ταῦρον.
969 966 1025 1032 ἐπὶ
1039 968 1129 1034 τοῦ·
1149 971 1156 978 “

104 1092 164 1133 του
182 1064 452 1154 παραγενόμενος
471 1072 519 1143 είς
534 1063 671 1152 Κρήτην
680 1062 860 1153 Ἡρακλῆς,
879 1064 992 1152 ἐπειδή
1006 1073 1129 1154 λαβεῖν

44 1219 47 1224 -
107 1165 257 1248 ἀξιοῦντι
271 1173 392 1244 Μίνως
407 1163 501 1234 εἶπεν
519 1160 615 1251 αὐτῷ
636 1167 819 1254 λαμβάνειν
837 1169 1128 1260 διαγωνισαμένῳ,

107 1269 163 1335 καί
190 1265 307 1354 λαβήν
331 1264 417 1354 πρός
435 1262 621 1352 Εὐρυσθέα
640 1271 837 1356 διακομίσας
861 1272 980 1354 ἔδειξε,
1005 1271 1064 1336 καί
1079 1269 1128 1337 ,τὰ
1148 1287 1174 1339 1(

82 1368 230 1436 ιλοιπὸν
249 1377 362 1436 είασεν
379 1365 517 1435 ἀνετον·
545 1363 615 1436 ὅδὲ
632 1371 817 1456 πλανηθείς
833 1369 997 1457 Σπάρτην
1016 1396 1053 1439 τε
1070 1371 1129 1438 καὶ

106 1467 288 1554 Ἀρκαδίαν
307 1467 453 1554 ἅπασαν,
478 1471 534 1536 καὶ
553 1468 671 1557 διαβάς
688 1469 749 1538 τὸν
764 1469 913 1559 Ἰσθμόν,
931 1479 979 1550 είς
998 1481 1129 1561 Μαρα-

107 1576 205 1638 θωνα
223 1576 283 1656 τῆς
298 1568 446 1656 Ἀττικῆς
464 1565 666 1658 ἀφικόμενος
693 1569 773 1650 τοῦς
799 1574 984 1658 ἐγχωρίους
1010 1577 1128 1642 διελυ-

105 1671 252 1758 μαίνετο.

71 1789 90 1840 8
183 1770 306 1858 όγδοον
330 1764 439 1841 ἀθλον
466 1773 622 1853 ἐπέταξεν
646 1771 737 1864 αὐτῷ
762 1771 823 1854 τάς
848 1775 1041 1862 Διομήδους
1064 1780 1128 1843 τοῦ
1149 1794 1174 1846 λε

109 1873 243 1963 Θρηικδς
269 1879 395 1953 ἵππους
423 1881 471 1955 είς
497 1873 664 1960 Μυκήνας
687 1880 847 1961 κομίζειν·
891 1867 934 1961 ήν
960 1875 998 1944 δὲ
1026 1866 1129 1956 οὗτος

99 1973 218 2061 ’Ἀρεος
235 1977 291 2043 καὶ
313 1976 490 2063 Κυρήνης,
513 1976 670 2062 βασιλεὺς
690 1975 863 2045 Βιστόνων
888 1983 1013 2056 ἔθνους
1032 1986 1129 2066 Θρηι-

107 2081 183 2144 κίου
200 2074 281 2164 [καὶ]
294 2076 541 2163 μαχιμωτάτου,
555 2075 621 2162 εἶχε
631 2075 669 2144 δέ
679 2073 978 2163 ἀνθρωποφάγους
988 2083 1128 2158 ἵππους.

82 2196 94 2233 2
109 2177 256 2255 πλεύσας
274 2169 339 2245 οῦν
356 2177 438 2265 μετά
456 2181 526 2245 τῶν
545 2178 706 2257 ἑκουσίως
725 2181 978 2265 συνεπομένων,
1005 2177 1130 2266 βιασά-

107 2303 206 2365 μενος
229 2278 311 2358 τοδς
336 2280 392 2346 ἐπὶ
415 2293 489 2357 ταῖς
514 2278 656 2365 φάτναις
679 2283 748 2346 τῶν
772 2283 886 2347 ἵππων
909 2276 1129 2367 ὑπάρχοντας
1149 2302 1174 2350 ει

84 2397 97 2435 ³
110 2377 238 2465 ήγαγεν
253 2383 308 2449 ἐπὶ
322 2379 384 2467 τήν
396 2377 583 2448 θάλασσαν.
611 2383 680 2469 τῶη
695 2379 732 2448 δὲ
743 2378 914 2450 Βιστόνων
928 2381 995 2450 σῦν
1008 2379 1127 2462 ὅπλοις

110 2481 384 2569 ἐπιβοηθούντων
414 2480 473 2561 τάς
503 2480 566 2568 μὲν
597 2485 724 2560 ἵππους
755 2483 952 2568 παρέδωκεν
972 2481 1130 2574 Ἀβδήρῳ

109 2580 311 2667 φυλάσσειν·
340 2575 440 2662 οὖτος
454 2581 492 2652 δὲ
505 2572 548 2668 ήν
559 2579 682 2668 Ἑρμοῦ
692 2597 785 2668 παῖς,
797 2583 928 2669 Λοκρός
939 2578 1130 2663 έξὈποῦν-

110 2708 178 2768 τος,
188 2679 392 2770 Ἡρακλέους
411 2683 589 2770 ἐρώμενος,
609 2678 650 2751 ὃν
668 2688 707 2751 αἵ
722 2689 819 2753 ἵπποι
836 2683 1034 2771 διέφθειραν
1053 2687 1128 2752 έπι-

82 2783 335 2870 4σπασάμεναι·
378 2783 463 2873 πρός
488 2783 526 2852 δὲ
550 2785 630 2863 τοῦς
655 2792 820 2864 Βίστονας
844 2786 1131 2874 διαγωνισάμενος
1151 2807 1174 2856 2λ

110 2885 166 2952 καὶ
186 2885 359 2972 Διομήδην
377 2883 576 2965 ἀποκτείνας
600 2885 680 2964 τοῦς
699 2885 838 2966 λοιποῦς
856 2885 1019 2974 ἠνάγκαζε
1038 2887 1128 2974 φεῦ-

109 3012 192 3071 γειν,
217 2988 275 3054 καὶ
299 2993 415 3066 κτίσας
440 2985 718 3073 πόλιυἈβδηρον
736 2988 827 3076 παρά
853 2987 913 3056 τόν
934 2988 1046 3075 τάφον
1063 2995 1129 3056 τοῦ

110 3089 358 3174 διαφθαρέντος
370 3082 547 3176 Ἀβδήρου,
566 3086 629 3166 τάς
649 3092 774 3166 ἵππους
791 3097 933 3176 κομίσας
949 3089 1131 3175 Εὐρυσθεῖ

112 3192 223 3256 ἔδωκε.
252 3189 413 3274 μεθέντος
427 3191 465 3256 δὲ
479 3187 584 3268 αὐτάς
596 3186 817 3278 Εὐρυσθέως,
832 3196 879 3270 είς
892 3190 929 3259 τό
945 3190 1129 3278 λεγόμενον

110 3286 376 3376 όροςὍλυμπον
396 3293 556 3359 ἐλθοῦσαι
574 3290 659 3376 πρὸς
676 3296 745 3358 τῶν
762 3298 896 3380 θηρίων
914 3290 1099 3360 ἀπώλοντο.
1145 3305 1174 3360 3(

75 3407 92 3458 9
188 3395 308 3459 ένατον
332 3383 441 3458 ἀθλον
461 3388 620 3478 Ἡρακλεῖ
638 3393 774 3471 ἐπέταξε
800 3396 950 3480 ζωστῆρα
982 3399 1128 3480 κομίζειν

113 3491 174 3560 τόν
197 3490 406 3580 Ἱππολύτης.
460 3491 544 3582 αῦτη
572 3492 610 3562 δὲ
638 3495 832 3579 ἐβασίλευεν
854 3493 1060 3582 Ἀμαζόνων,
1095 3500 1133 3561 αἵ
