2446 3944
164 99 306 165 78·
490 112 849 162 -3222-

148 286 161 327 ι
177 260 338 354 βληκὲναι
355 259 570 346 δοκούντων,
597 261 655 330 καὶ
678 260 724 350 μὴ
747 259 951 348 δυναμένων
968 258 1114 332 ἀκούσω
1129 261 1221 334 λε’]

163 391 283 454 γοντος
301 358 408 432 αὐτοῦ
426 360 489 451 τὴν
505 361 669 451 ἀλήθειαν
679 362 733 432 διά
742 362 807 451 τὴν
815 363 1049 451 κρανγὴντών
1057 369 1198 433 κυνών.

163 463 251 537 ἀλλά
268 463 466 553 βαλλόντων
482 457 661 552 κάκείνων,
680 459 1195 554 παραγενόμενοςἏλθαιμόνης

163 568 343 646 ἀκοντίσας
361 564 556 635 ἀπέκτεινεν
573 560 709 652 ἀγνοών
727 565 872 654 Κατρέα.
893 565 1017 653 μαθών
1035 566 1179 638 δέύστε·

164 697 225 759 ρον
242 667 280 736 τδ
299 666 453 754 γεγονός,
465 665 654 754 εάξάμενος
671 664 741 737 ύπό
759 668 931 757 χάσματος
951 666 1091 757 ἐκρύβη.
1198 680 1211 734 ί

127 775 148 840 3
242 775 455 841 Δευκαλίωνι
480 768 518 838 δὲ
537 770 694 855 ἐγένοντο
716 768 905 857 Ἰδομενεύς
930 795 967 838 τε
990 770 1048 838 καὶ
1067 770 1182 861 Κρήτη

162 873 220 940 καὶ
238 872 343 950 νόθος
361 869 379 939 ὁ
398 869 526 950 Μόλος.
563 875 719 952 Γλαῦκος
745 871 784 940 δὲ
801 877 850 940 ἐτι
866 870 987 959 νήπιος
1004 869 1182 960 ύπάρχων,

161 989 268 1062 μυῖαν
284 971 418 1041 διώκων
432 977 481 1051 είς
494 972 623 1060 μέλιτος
638 978 743 1042 πίθον
756 971 872 1041 πεσών
885 971 1072 1042 ἀπέθανεν.
1091 971 1182 1060 ἀφα-

161 1077 243 1154 νοῦς
262 1072 300 1142 δὲ
318 1071 416 1152 ὄντος
434 1067 543 1141 αὐτοῦ
554 1080 678 1154 Μίνως
696 1074 824 1163 πολλὴν
840 1072 973 1164 ζήτησιν
981 1073 1183 1162 ποιούμενος

136 1175 241 1263 ιπερὶ
253 1177 312 1262 τῆς
331 1171 501 1262 εύρήσεως
521 1175 731 1262 ἐμαντεύετο.
760 1175 933 1264 Κούρητες
951 1174 989 1244 δέ
1004 1173 1104 1245 είπον
1117 1175 1180 1247 αύ-
1198 1190 1221 1245 lu

159 1279 206 1367 τῷ
225 1274 456 1365 τριχρώματον
471 1277 507 1344 ἐν
517 1291 591 1357 ταῖς
600 1273 737 1362 ἀγέλαις
755 1282 844 1366 ἐχειν
860 1282 963 1364 βοῦν,
980 1274 1042 1346 τόν
1062 1278 1103 1347 δέ
1121 1274 1180 1366 τὴν

159 1377 284 1466 ταύτης
301 1378 388 1446 θέαν
405 1376 525 1467 ἄριστα
550 1377 681 1447 είκάσαι
706 1381 901 1466 δυνηθέντα
919 1380 977 1447 καί
994 1383 1105 1462 ζώντα
1120 1378 1181 1449 τόν

135 1485 266 1548 νπαϊδα
285 1474 484 1547 ἀποδώσειν.
512 1481 776 1565 συγκληθέντων
795 1479 833 1549 δὲ
851 1484 922 1548 τών
941 1478 1098 1567 μάντεων
1108 1490 1182 1551 Πο-

160 1578 277 1660 λύιδος
295 1577 313 1648 ὁ
333 1584 505 1668 Κοιρανοά
529 1580 592 1667 τὴν
615 1579 722 1670 χρόαν
745 1584 806 1669 τῆς
829 1579 909 1670 βοός
934 1591 1048 1650 εἴκασε
1072 1580 1182 1668 βάτου

159 1684 290 1774 καρπῷ,
304 1683 362 1750 καί
375 1688 483 1770 ζητεῖν
496 1680 556 1750 τόν
570 1686 675 1751 παῖδα
685 1680 915 1769 ἀναγκασθείς
924 1681 981 1751 διά
987 1708 1080 1763 τινος
1089 1710 1179 1770 μαν-
1199 1700 1221 1754 1ο

69 1787 71 1792 ⁴
158 1790 249 1862 τείας
259 1778 394 1872 ἀνεῦρε.
413 1783 569 1869 λέγοντος
584 1783 622 1852 δὲ
633 1792 775 1865 Μίνωος
784 1781 833 1853 ὅτι
849 1789 904 1854 δεῖ
910 1785 1083 1868 καλζώντα
1093 1782 1182 1855 ἀπο-

13 1945 15 1949 ,
134 1891 281 1972 naam
298 1881 418 1970 αύτόν,
437 1881 643 1975 ἀπεκλείσθη
662 1883 728 1955 σύν
744 1888 793 1977 τῷ
807 1891 927 1977 νεκρῷ.
958 1887 994 1954 ἐν
1007 1884 1181 1978 ἀμηχανίη

161 1985 199 2055 δέ
213 1991 323 2073 πολλῇ
336 1985 517 2072 τυγχάνωυ
531 1984 600 2055 είδε
613 1987 781 2076 δράκοντα
792 1989 847 2056 ἐπὶ
856 1987 918 2056 τόν
927 1985 1051 2076 νεκρόν
1062 1987 1179 2057 ἐόντα·

159 2090 282 2155 τοῦτον
299 2085 415 2174 βαλών
430 2092 517 2179 λίθῳ
531 2086 714 2175 ἀπέκτεινε,
733 2093 849 2168 δείσας
861 2085 907 2176 μη
922 2085 988 2157 κάν
1002 2085 1110 2169 αάτὸς
1122 2116 1178 2158 τε·

161 2187 326 2278 λευτήση,
345 2197 380 2256 εί
393 2215 425 2256 τι
440 2186 478 2256 τό
498 2194 595 2277 σώμα
614 2189 727 2258 πάθοι.
757 2196 886 2279 ἔρχεται
903 2189 941 2258 δέ
959 2191 1073 2278 ἔτερος
1091 2190 1178 2277 δρά-
1194 2204 1221 2258 λλ

161 2317 243 2378 κων,
261 2291 317 2359 καί
334 2288 545 2377 θεασάμενος
563 2289 686 2380 νεκρόν
702 2290 763 2360 τόν
780 2294 917 2381 πρώτον
935 2289 1079 2377 ἀπεισιν,
1109 2289 1182 2361 εἶτα

159 2389 364 2481 ἀποστρέφει
388 2388 479 2461 πόαν
496 2398 658 2480 κομίζων,
677 2395 734 2461 καί
752 2392 881 2482 ταύτην
906 2394 1095 2480 ἐπιτίθησιν
1123 2395 1181 2462 ἐπὶ

161 2495 230 2561 πάυ
246 2491 284 2562 τό
303 2498 365 2562 τοῦ
384 2494 499 2582 ἑτέρου
514 2498 626 2582 σῶμα·
646 2495 854 2582 ἐπιτεθείσης
868 2494 907 2564 δέ
925 2497 985 2582 τῆς
1006 2491 1092 2573 πόας
1115 2491 1181 2564 ἀν-

132 2615 144 2655 ο
160 2594 246 2680 έστη.
271 2593 481 2682 θεασόμενος
495 2594 533 2662 δὲ
548 2594 717 2675 Πολύιδος
727 2596 785 2664 καὶ
794 2596 984 2682 θαυμάσας,
994 2593 1058 2683 τὴν
1072 2593 1182 2685 αὐτὴν

157 2695 247 2769 πόαν
265 2693 500 2784 προσενεγκών
517 2699 565 2789 τῷ
583 2700 645 2766 τοῦ
666 2697 827 2768 Γλαύκου
841 2696 969 2785 σώματι
982 2694 1179 2785 ἀνέστησεν.
1196 2712 1221 2767 λδ

121 2818 137 2866 2
158 2794 339 2886 ἀπολαβών
356 2796 395 2866 δὲ
413 2805 536 2876 Μίνως
553 2796 613 2867 τὸν
631 2804 738 2867 παῖδα
756 2796 834 2869 οὐδ’
862 2797 970 2878 οὕτως
988 2806 1037 2878 είς
1051 2796 1179 2888 ’Ἁργος

158 2897 292 2968 ἀπιέναι
305 2897 365 2967 τόν
379 2897 552 2969 Πολύιδον
570 2909 634 2986 εία,
653 2902 737 2988 πρὶν
755 2896 851 2988 ἢτην
868 2905 1031 2987 μαντείαν
1045 2899 1178 2982 διδάξαι

156 3001 219 3069 τόν
234 3006 406 3071 Γλαύκου·
426 2997 654 3086 ἀναγκασθείς
672 3002 710 3071 δέ
724 2999 742 3071 ὁ
758 2999 926 3080 Πολύιδος
940 3000 1100 3071 διδάσκει.
1119 3002 1178 3071 καὶ

159 3100 272 3190 ἐπειδὴ
290 3097 592 3190 ἀπέπλει,γκελεύει
609 3102 670 3172 τόν
688 3108 847 3174 Γλαῦκον
865 3110 914 3182 είς
932 3101 970 3171 τό
989 3103 1096 3191 στόμα
1117 3107 1177 3190 ἐμ-

157 3202 298 3272 πτύσαι·
317 3204 493 3273 καὶτοῦτο
511 3204 650 3289 ποιήσας
670 3208 826 3284 Γλαῦκος
844 3202 905 3291 τὴν
923 3210 1087 3292 μαντείαν
1116 3206 1177 3273 ἐπ·
1195 3217 1221 3271 3(

159 3305 311 3374 ελάθετο.

233 3403 274 3475 τά
293 3407 355 3495 μὲν
374 3399 438 3476 οάν
456 3407 533 3496 περὶ
548 3410 619 3477 τών
633 3413 693 3494 τῆς
703 3402 872 3496 Εύρώπης
886 3401 1068 3493 ἀπογόνων
1082 3407 1178 3495 μέχρι
