2446 3944
101 220 148 284 4⁶2
437 230 806 280 -εειν-

107 391 255 467 Προίτου
273 377 322 447 ότι
341 376 614 468 Βελλεροφόντης
640 375 728 466 αύτή
756 377 834 466 περὶ
858 379 994 466 φθοράς
1018 398 1129 464 προσ-

105 478 416 569 επέμυατολόγους.
426 490 572 569 Προῖτος
580 478 617 549 δὲ
624 479 806 559 πιστεύσας
815 483 941 549 ἔδωκεν
949 480 1128 560 ἐπιστολάς

106 580 200 675 αύτῷ
220 581 303 671 πρός
318 576 468 671 Ἰοβάτην
486 587 643 670 κομίζειν,
668 581 706 649 ἐν
724 573 778 660 αἷς
797 581 1022 669 ἐνεγέγραπτο
1036 588 1122 650 Βελ-

5 702 9 719 ‘
72 706 92 744 ³
106 681 316 772 λεροφόντην
332 679 538 752 ἀποκτείναι.
562 679 710 769 Ἰοβάτης
729 680 768 750 δὲ
787 681 947 766 ἐπιγνούς
962 681 1124 764 ἐπέταξεν

107 784 202 875 αύτῷ
218 790 386 873 Χίμαιραν
399 798 538 871 κτείνοι,
556 790 702 872 νομίζων
716 778 822 851 αύτόν
835 779 904 851 ὑπὸ
917 784 980 852 τού
995 790 1125 873 θηρίου
1143 804 1159 855 ο

107 884 419 975 διαφθαρήσεσθαι·
447 877 491 973 ήν
514 882 579 974 γάρ
598 881 640 954 ού
665 883 774 972 μόνον
798 884 849 953 ἑνί
874 881 962 953 άλλά
986 892 1126 965 πολλοῖς

107 981 173 1056 ούκ
186 983 373 1073 εύάλωτον,
387 985 461 1075 ,εἶχε
479 987 518 1057 δὲ
530 985 704 1076 προτομήν
717 983 781 1072 μὲν
794 985 941 1071 λέοντος,
962 982 1077 1075 ούράυ
1090 985 1127 1056 δὲ

107 1084 306 1175 δράκοντος,
325 1094 442 1176 τρίτην
460 1087 499 1157 δὲ
516 1084 669 1176 κεφαλήν
686 1087 793 1173 μέσην
811 1085 919 1174 αίγός,
938 1083 977 1156 δι’
995 1076 1037 1174 ής
1055 1091 1127 1174 πῦρ

74 1211 93 1249 -4
106 1187 205 1258 άνίει.
232 1190 289 1256 καὶ
307 1187 369 1275 τήν
382 1188 497 1278 χάραν
510 1189 695 1277 διέφθειρε,
708 1187 766 1255 καὶ
779 1184 820 1255 τά
835 1183 1031 1276 βοσκήματα
1045 1189 1128 1257 ἔλυ-

107 1297 262 1378 μαίνετο·
289 1297 351 1376 μία
374 1287 440 1379 γάρ
465 1289 569 1378 φύσις
591 1291 695 1379 τριῶν
716 1293 850 1377 θηρίων
875 1286 943 1375 εἶχε
967 1286 1126 1378 δύναμιν.
1145 1308 1177 1360 10

109 1392 238 1476 λέγεται
257 1390 295 1459 δὲ
313 1391 370 1459 καὶ
387 1388 450 1479 τήν
465 1396 633 1480 Χίμαιραν
651 1388 778 1478 ταύτην
794 1395 964 1480 τραφῆναι
977 1389 1042 1479 μὲν
1054 1389 1126 1459 ύπό
1170 1448 1174 1453 ,

104 1490 348 1580 Ἀμισωδάρου,
367 1492 524 1577 καθάπερ
538 1488 897 1583 είρηκεκαὶὍμηρος,
917 1494 1128 1579 γεννηθῆναι

106 1594 144 1662 δὲ
172 1596 208 1662 ἐκ
233 1599 401 1679 Τυφῶνος
418 1594 475 1661 καὶ
496 1590 666 1681 Ἐχίδνης,
685 1589 802 1672 καθεὶς
816 1592 969 1673 Ἡσίοδος
989 1597 1127 1681 ίστορεί.

67 1717 91 1765 ⁴2
110 1690 320 1781 άναβιβάσας
338 1685 403 1763 ούν
423 1693 543 1763 ἑαυτὸν
561 1691 580 1764 ό
600 1690 874 1783 Βελλεροφόντης
893 1693 948 1763 ἐπὶ
970 1691 1032 1762 τόν
1050 1691 1128 1790 Πή-

110 1815 228 1882 γασον,
247 1790 288 1864 ὃν
306 1792 395 1883 εἶχεν
410 1799 516 1864 ἵππον
530 1798 566 1864 ἐκ
580 1794 765 1882 Μεδούσης
779 1793 910 1883 πτηνόν
922 1795 1127 1882 γεγεννημέ-
1148 1812 1177 1867 15

109 1924 172 1966 νον
188 1896 246 1964 καὶ
264 1900 494 1984 Ποσειδῶνος,
511 1892 631 1987 άρθείς
649 1903 696 1977 είς
713 1895 801 1979 ύφος
819 1893 885 1964 άπό
904 1895 1028 1965 τούτου
1044 1921 1126 1964 κατ-

76 2019 95 2058 ε
109 1997 261 2079 ετόξευσε
276 1994 343 2086 ’τήν
358 2004 536 2088 Χίμαιραν.
561 1998 645 2086 μετά
659 1997 696 2068 δὲ
709 1995 770 2068 τόν
783 1994 901 2086 άγιόνα
914 2002 1035 2066 τοῦτον
1046 1995 1126 2064 ἐπί-

107 2097 205 2179 ταξεν
216 2095 309 2190 αύτῷ
322 2098 492 2186 Σολύμοις
505 2099 725 2187 μαχέσασθαι.
754 2098 799 2180 άς
812 2098 851 2168 δὲ
865 2098 1059 2184 ἐτελεύτησε
1068 2098 1129 2166 καὶ

107 2205 243 2285 τοῦτον,
259 2197 433 2287 Ἀμαζόσιν
453 2200 609 2282 ἐπέταξεν
627 2196 850 2287 άγωνίζεσθαι
868 2193 984 2269 αύτόν.
1021 2197 1069 2278 αἱς
1087 2198 1128 2268 δὲ

105 2301 162 2370 καὶ
179 2299 303 2381 ταύτας
321 2295 502 2386 άπὲκτεινε,
524 2301 606 2382 τούς
623 2301 833 2390 γενναιότητι
847 2306 989 2374 Λυκίων
1002 2300 1123 2387 διαφί-
1144 2319 1177 2372 20

106 2429 178 2488 ρειν
196 2406 384 2483 δοκοῦντας
399 2403 548 2484 ἐπιλίξας
568 2403 724 2482 ἐπέταξεν
742 2402 938 2472 άποκτείυαι
953 2397 1122 2489 λοχήσαν-

75 2521 171 2582 3τας.
206 2501 252 2582 οἷς
271 2503 309 2573 δὲ
325 2504 383 2572 καὶ
407 2504 549 2584 τούτους
572 2498 745 2572 άπέιιτεινε
769 2503 915 2590 πάντας,
940 2501 1127 2591 θαυμάσας

102 2602 166 2690 τήν
183 2603 330 2691 δύναμιν
349 2601 492 2674 αύτούό
522 2602 668 2693 Ἰοβάτης
691 2605 732 2674 τά
754 2632 790 2674 τε
816 2605 993 2695 γράμματα
1020 2604 1126 2684 ἔδειξε

103 2706 160 2775 καὶ
179 2701 260 2794 παρ’
281 2699 375 2796 αύτῷ
393 2706 507 2792 με’νειν
523 2700 658 2795 ήξίωσε,
677 2708 761 2786 δούς
778 2703 840 2794 τήν
857 2707 1033 2796 θυγατέρα
1049 2713 1127 2774 Φυ*

102 2805 238 2894 λονόην,
257 2809 313 2874 καί
332 2805 493 2894 θνήσκων
510 2806 572 2894 τήν
589 2813 765 2894 βασιλείαν
782 2808 959 2876 κατέλιπεν
977 2803 1082 2900 αύτῷ.
1139 2827 1174 2879 25

65 2930 85 2977 4
176 2903 332 3004 Ἀκρισίῳ
347 2907 385 2976 δὲ
398 2909 475 2995 περὶ
489 2914 622 2977 παίδων
636 2907 965 2999 γενέσεωςάρρένων
974 2929 1123 2997 χρηστηε

103 3010 284 3102 ριαζομένω
298 3007 316 3078 ὁ
330 3007 411 3089 θεός
430 3014 496 3097 ἔφη
514 3011 674 3095 γενέσθαι
688 3015 795 3080 παῖδα
811 3014 847 3080 ἐκ
860 3012 919 3097 τῆς
931 3009 1123 3100 θυγατρός,

102 3106 140 3189 ὃς
158 3105 265 3180 αύτόν
284 3109 478 3197 άποκτείνη.
514 3114 629 3191 δείσας
647 3102 711 3181 οὖν
730 3110 896 3200 Ἀκρίσιος
913 3113 1032 3202 τοῦτο,
1054 3110 1125 3182 ύπό

102 3214 167 3298 γῆν
180 3210 338 3300 θάλαμον
351 3211 607 3292 κατασκευάσας
618 3211 761 3299 χάλκεον
768 3213 831 3302 τήν
842 3211 984 3301 Δανάην
995 3213 1124 3303 ἐφροω

73 3327 166 3400 κρεί.
194 3313 322 3402 ταύτην
339 3312 422 3401 μέν,
442 3311 488 3394 άς
506 3319 589 3382 ἔνιοι
607 3316 783 3401 λέγουσιν,
804 3320 940 3402 ἔφθειρε
959 3322 1122 3403 Προῖτος,
1143 3330 1177 3385 30

102 3411 184 3482 ὅθεν
202 3412 321 3494 αύτοῑς
339 3415 395 3482 καὶ
413 3408 434 3502 ή
455 3414 569 3494 στάσις
594 3415 751 3506 ἐκινήθη·
778 3413 823 3495 οἱς
849 3416 889 3484 δὲ
914 3420 1002 3484 ἔνιοί
1023 3437 1119 3503 φασι,

102 3515 193 3594 Ζεύς
210 3518 493 3604 μεταμορφωθεὶς
512 3523 562 3596 είς
576 3517 705 3604 χρυσόν
720 3520 775 3586 καὶ
792 3514 846 3585 διά
859 3518 917 3603 τής
931 3514 1058 3604 όροφής
1073 3524 1122 3597 είς
