2446 3944
106 167 148 232 46
437 179 801 228 -ιιιε-

80 336 174 414 ιθην
194 325 373 415 ἠλλάξατο,
390 326 502 418 τούτῳ
520 352 554 395 τε
572 324 610 394 τδ
622 321 743 413 Ἀργος
763 326 950 414 ἐνεχείρισε.
979 327 1037 395 καί
1048 330 1127 396 Με-

107 428 281 517 γαπένθης
303 425 367 516 μὲν
396 429 614 517 ἐβασίλευσεν
629 427 809 517 Ἀργείων,
827 426 982 516 Περσεύς
1001 426 1041 496 δὲ
1066 436 1129 498 Τί-

70 548 88 600 5
108 539 248 619 ρυνθος,
266 534 499 617 προστειχίσας
517 532 666 598 Μίδειαν
684 529 741 598 καὶ
760 529 938 617 Μυκήνας.
967 529 1130 615 ἐγένοντο

107 631 146 699 δὲ
160 633 193 712 ἐξ
203 629 428 719 Ἀνδρομέδας
438 634 558 710 παῖδες
572 628 680 723 αύτῷ,
694 630 778 721 πρὶν
791 629 854 719 μὲν
869 633 986 700 έλθείν
1000 633 1050 711 είς
1063 629 1129 718 τήν

102 729 245 802 Ἑλλάδα
260 732 407 821 Πέρσης,
424 727 465 800 δν
479 733 570 819 παρὰ
585 739 698 820 Κηφεῖ
709 731 885 822 κατέλιπεν
899 727 983 820 (άπδ
998 731 1127 803 τούτου
1145 749 1163 801 ο

107 831 145 901 δὲ
162 831 242 912 τούς
258 837 403 921 Περσων
415 833 574 921 βασιλέας
588 834 718 919 λέγεται
735 831 922 923 γενέσθαι),
941 834 979 901 έν
1000 829 1127 922 Μυκή-

105 961 179 1013 ναις
204 932 244 1002 δὲ
266 930 417 1014 Ἀλκαῖος
434 934 491 1003 καὶ
511 934 683 1014 Σθένελος
700 935 757 1002 καὶ
773 931 900 1014 Ἕλενος
920 933 1074 1024 Μήστωρ
1092 961 1129 1005 τε

106 1036 164 1104 καί
174 1033 397 1124 Ἠλεκτρύων,
417 1034 474 1103 καὶ
494 1033 649 1126 θυγάτηρ
663 1034 875 1124 Γοργοφόνη,
898 1032 943 1123 ήν
957 1036 1129 1127 Περιήρης

109 1143 241 1224 έγημεν.

80 1262 93 1301 ε
185 1239 221 1307 ἐκ
234 1237 298 1325 μέν
311 1229 375 1305 οὖν
386 1233 543 1312 Ἀλκαίου
556 1236 614 1304 καί
627 1233 869 1325 Ἀστυδαμείας
882 1242 942 1326 τής
957 1239 1126 1327 Πέλοπος,
1147 1254 1172 1309 λ(

108 1337 153 1420 ὥς
168 1338 207 1407 δέ
221 1345 302 1407 ένιοι
314 1338 451 1424 λέγουσι
464 1337 643 1426 Λαονόμης
658 1340 717 1426 τής
731 1340 901 1426 Γουνέως,
916 1337 962 1421 οἱς
976 1339 1014 1410 δὲ
1029 1338 1128 1409 άλλοι

106 1439 208 1509 πάλιν
222 1436 422 1529 Ἱππονόμης
448 1444 507 1527 τής
525 1439 731 1530 Μενοικέως,
753 1438 967 1531 Ἀμφιτρύων
993 1442 1127 1527 ἐγένετο

106 1543 163 1610 καὶ
182 1540 338 1631 θυγάτηρ
360 1534 506 1628 Ἀναξτό,
532 1543 569 1610 έκ
592 1539 631 1610 δέ
655 1540 835 1631 Μήστορος
860 1542 919 1610 καί
938 1548 1139 1631 ΛυσιδίκηςΙ

106 1647 166 1730 τής
184 1644 339 1723 Πέλοπος
353 1637 526 1730 Ἱπποθόη.
560 1639 687 1730 ταύτην
700 1638 855 1731 ἁρπάσας
870 1647 1049 1715 Ποσειδῶν
1068 1648 1127 1713 καί

90 1750 249 1831 κομίσας
268 1743 324 1812 έπί
342 1743 401 1823 τάς
416 1741 592 1830 Ἐχινάδας
609 1743 735 1832 νήσους
752 1749 925 1832 μίγνυται,
942 1745 999 1814 καὶ
1017 1747 1124 1835 γευνᾷ
1147 1765 1172 1816 ιε

112 1843 255 1933 Τάφιον,
268 1841 306 1926 δς
322 1841 421 1937 ᾤκισε
441 1843 557 1933 Τάφου
570 1847 628 1914 καὶ
641 1843 721 1924 τούς
736 1843 840 1925 λαούς
859 1845 1030 1935 Τηλεβόας
1044 1846 1125 1916 έκά-

81 1954 217 2032 ελεσεν,
235 1945 285 2015 ὅτι
302 1950 404 2033 τηλοῦ
423 1948 481 2034 τής
500 1951 660 2034 πατρίδος
680 1953 748 2035 έβη.
781 1947 817 2014 ἐκ
836 1954 968 2035 Ταφίου
987 1947 1027 2018 δὲ
1044 1962 1127 2028 παῖς

108 2050 298 2135 Πτερέλαος
321 2047 470 2133 ἐγένετο·
506 2051 630 2116 τούτου
652 2045 826 2116 άθάνατον
846 2049 982 2136 ἐποίησε
1003 2059 1124 2118 Ποσει·

107 2151 190 2235 δῶν,
210 2150 247 2216 έυ
264 2153 307 2238 τή
324 2153 457 2237 κεφαλή
475 2150 606 2237 χρυσήν
625 2149 738 2228 ἐνθείς
756 2155 865 2237 τρίχα.
891 2150 1073 2243 Πτερελάῳ
1088 2150 1126 2219 δὲ

108 2249 264 2337 έγέυοντο
274 2255 394 2330 παῖδες
411 2256 557 2337 Χρομίος
577 2247 753 2339 Τύραννος
768 2246 939 2339 Ἀντίοχος
954 2252 1124 2341 Χερσιδά-
1147 2272 1172 2322 2(

107 2379 171 2440 μας
190 2349 343 2439 Μήστωρ
362 2346 508 2438 Εύήρης.

82 2475 94 2512 ⁴
182 2451 396 2544 Ἠλεκτρύων
407 2451 445 2521 δὲ
454 2451 562 2540 γήμας
571 2450 794 2539 τήνἈλκαίου
804 2450 1128 2544 θυγατέραἈναξοί,

107 2556 267 2642 ἐγέννησε
279 2554 455 2642 θυγατέρα
467 2551 530 2641 μὲν
541 2547 744 2642 Ἀλκμήνην,
756 2559 881 2635 παῖδας
895 2554 933 2624 δὲ
947 2555 1127 2643 Γοργοφό-

106 2682 169 2725 νον
195 2653 385 2743 Φιλουόμον
410 2655 576 2724 Κελαινέα
597 2652 810 2744 Ἀμφίμαχον
829 2664 1028 2745 Λυσίνομον
1046 2666 1125 2727 Χει-

107 2764 251 2846 ρίμαχον
264 2752 449 2846 Ἀνάκτορα
463 2752 654 2844 Ἀρχέλαον,
672 2754 754 2845 μετά
774 2755 813 2824 δὲ
830 2755 971 2837 τούτους
989 2759 1045 2828 καί
1064 2758 1127 2829 υό-
1144 2777 1172 2831 ’21

107 2868 173 2927 θον
192 2859 228 2926 ἐκ
244 2843 398 2946 Φρυγίας
416 2853 578 2942 γυναικός
596 2863 743 2938 Μιδείας
762 2858 959 2946 Λικύμνιον.

81 2968 107 3019 54
187 2957 361 3029 Σθενέλου
386 2956 425 3026 δὲ
448 2958 505 3026 καί
524 2965 698 3046 Νικίππης
723 2961 782 3046 της
801 2959 956 3041 Πέλοπος
970 2954 1127 3050 Ἀλκινόη

108 3064 165 3130 καὶ
187 3060 368 3146 Μέδουσα,
393 3056 537 3147 ὕστερον
561 3058 600 3128 δὲ
623 3060 680 3129 καί
698 3059 904 3149 Εὐρυσθεύς
923 3061 1071 3148 ἐγένετο,
1089 3059 1127 3143 δς

108 3163 163 3230 καὶ
188 3165 366 3249 Μυκηνῶν
392 3163 620 3247 έβασίλευσευ.
658 3159 713 3231 ὅτε
739 3163 804 3250 γὰρ
825 3159 991 3250 Ἡρακλής
1010 3168 1128 3251 ἔμελλε

108 3268 309 3352 γεννᾶσθαι,
328 3260 417 3342 Ζεύς
436 3264 473 3332 ίυ
486 3271 582 3343 θεοίς
597 3269 661 3352 έφη
674 3262 734 3332 τόν
748 3259 815 3332 άπδ
830 3264 989 3352 Περσέως
1002 3291 1124 3353 γεννη-
1144 3281 1172 3336 3(

107 3363 300 3452 θησόμενον
317 3362 392 3434 τότε
410 3362 621 3450 βασιλεύσειν
638 3367 830 3454 Μυκηνῶν,
839 3358 928 3454 Ἥρα
942 3364 981 3434 δέ
997 3365 1052 3434 διά
1066 3365 1128 3435 τόν

109 3471 206 3554 ζήλου
227 3472 429 3538 Εἰλείθυιαν
448 3471 557 3535 ἔπεισε
574 3465 634 3536 τόν
650 3466 714 3555 μέν
728 3464 915 3556 Ἀλκμήνης
933 3467 1033 3536 τόκον
1053 3469 1127 3537 ἐπι-
