2446 3944
109 197 149 262 10
464 207 770 293 -ιεε-

71 375 89 426 3
119 423 121 427 ,
185 354 268 436 Διός
293 355 331 425 δὲ
356 353 535 427 Πλούτωνι
557 355 619 443 τήν
642 354 760 446 Κόρην
784 355 980 447 ἀναπέμψαι
1003 355 1129 426 κελεύ-

108 478 239 544 σαντος,
260 451 277 526 ό
293 457 474 545 Πλούτων,
493 463 551 527 ’ίνα
568 457 613 546 μή
631 458 742 527 πολύν
754 456 878 548 χρόνον
892 456 983 548 παρά
1001 464 1044 548 τῇ
1058 486 1128 547 μη-

107 561 162 650 τρὶ
179 566 376 647 καταμείνῃ,
395 560 491 648 ῥοιᾶς
511 564 636 628 ἔδωκεν
650 556 739 648 αὐτῇ
753 575 878 648 φαγεῖν
891 560 1024 629 κόκκον.
1050 557 1128 648 ήδὲ

107 659 147 730 οῦ
174 661 380 751 προϊδομένη
403 660 441 729 τδ
467 660 726 748 συμβησόμενον
743 661 980 748 κατηνάλωσεν
1004 655 1124 732 αῦτόν.

107 762 469 852 καταμαρτυρήσαντος
484 760 522 830 δὲ
536 760 639 850 αὐτῆς
654 760 870 850 Ἀσκαλάφου
884 767 944 832 τοῦ
960 759 1130 853 Ἀχέρον-
1145 783 1161 832 5

106 890 163 944 τος
176 863 233 932 καὶ
245 863 435 964 Γοργύρας,
448 863 560 956 τούτῳ
573 863 808 953 μδνΛημήτηρ
823 862 970 958 ἐν“ᾼδου
979 873 1127 954 βαρεῖαν

107 966 253 1052 ἐπέθηκε
273 966 417 1055 πέτραν,
436 965 637 1053 Περσεφόνη
657 965 697 1034 δὲ
714 963 790 1035 καθ’
807 969 949 1036 ἕκαστον
969 967 1127 1036 ε’νιαυτδν

106 1066 143 1136 τδ
156 1066 219 1155 μὲν
233 1073 348 1156 τρίτον
360 1065 442 1155 μετά
458 1065 661 1147 Πλούτωνος
674 1063 875 1155 ἠναγκάσθη
888 1068 1019 1155 μένειν,
1033 1067 1072 1135 τὸ
1087 1068 1127 1137 δέ

106 1167 225 1236 λοιπόν
243 1168 334 1255 παρά
351 1182 422 1249 τοῖς
439 1179 544 1248 θεοῖς.

76 1279 96 1342 6
185 1269 261 1358 περὶ
279 1268 341 1357 μὲν
359 1260 423 1338 οῦν
442 1269 621 1357 Δήμητρος
638 1272 745 1338 ταῦτα
762 1272 902 1357 λέγεται·
928 1276 978 1357 Γῆ
994 1269 1032 1339 δέ
1047 1270 1126 1359 περὶ
1146 1289 1164 1338 1⁴

114 1371 264 1440 Τιτάνων
292 1370 531 1458 άγανακτοῦσα
561 1374 666 1461 γεννᾷ
692 1377 859 1458 Γίγαντας
885 1374 918 1454 ἐξ
947 1370 1125 1460 Οὐρανοῦ,

106 1473 241 1560 μεγέθει
277 1471 340 1560 μὲν
377 1473 543 1560 σωμάτων
573 1469 868 1562 ἀνυπερβλήτους,
907 1473 1050 1560 δυνάμει
1086 1473 1125 1542 δὲ

107 1573 420 1661 ἀκαταγωνίστους,
446 1581 483 1643 οδ
503 1574 644 1662 φοβεροὶ
667 1573 730 1661 μὲν
747 1590 821 1656 ταῖς
845 1573 943 1656 όψεσι
960 1581 1124 1661 κατεφαί-

106 1700 222 1762 νοντο,
248 1675 443 1762 καθειμένοι
465 1682 611 1763 βαθεῖαν
636 1675 745 1763 κόμην
770 1678 806 1745 ἐκ
824 1682 972 1765 κεφαλῆς
990 1675 1047 1744 καὶ
1065 1703 1120 1768 γε·

80 1783 227 1864 ινείων,
253 1775 345 1864 εἶχον
369 1775 407 1847 δὲ
426 1775 486 1856 τάς
510 1777 624 1864 βάσεις
642 1783 785 1865 φολίδας
804 1777 1009 1868 δρακόντων.
1048 1781 1123 1864 έγέ-
1145 1794 1164 1844 ιι

107 1904 208 1972 νοντο
227 1879 283 1966 δέ,
308 1873 353 1959 ῦς
370 1880 433 1967 μέν
449 1906 538 1960 τινες
556 1879 733 1967 λέγουσιν,
761 1882 799 1948 ἐν
819 1882 1001 1969 Φλέγραις,
1021 1879 1066 1960 τίς
1086 1879 1124 1948 δέ

107 1977 218 2067 άλλοι,
245 1983 281 2049 ἐν
300 1979 475 2069 Παλλήνη.
494 1979 683 2068 Ιήκόντιζον
707 1980 746 2049 δὲ
763 1987 812 2060 είς
830 1980 983 2070 ούρανδυ
1001 1981 1124 2069 πέτρας

80 2081 165 2150 ικαὶ
189 2085 275 2170 δρῦς
294 2079 454 2169 ήμμένας.
490 2082 627 2170 διέφερε
646 2080 685 2150 δὲ
702 2081 840 2150 πάντων
859 2086 1072 2171 Πορφυρίων
1089 2109 1124 2151 τε

107 2183 164 2250 καὶ
179 2179 397 2270 Ἀλκυονεύς,
416 2179 454 2263 δς
472 2182 514 2271 δή
533 2182 591 2251 καὶ
608 2179 780 2264 άθάνατος
798 2176 843 2271 ήν
863 2187 899 2254 ε’ν
918 2175 1005 2273 ήπερ
1025 2187 1122 2270 ἐγεν-

107 2283 196 2371 νήθη
214 2287 258 2374 γή
283 2283 478 2373 μαχόμενος.
516 2275 616 2364 οὗτος
634 2283 672 2354 δέ
696 2285 754 2354 καί
771 2281 831 2365 τάς
850 2283 967 2356 Ἡλίου
985 2281 1069 2373 βόας
1090 2283 1122 2364 ἐξ
1141 2301 1164 2352 21

79 2381 282 2476 4Ἐρυθείας
299 2383 411 2475 ήλασε.
435 2399 506 2465 τοῖς
521 2385 559 2455 δέ
572 2395 667 2466 θευίς
687 2386 801 2472 λόγιον
815 2378 857 2475 ήν
870 2387 939 2456 ύπό
952 2393 1046 2456 θεῶν
1059 2386 1123 2474 μὲν

71 2548 75 2554 .
107 2488 235 2574 μηδένα
247 2492 318 2557 τῶν
327 2486 501 2575 Γιγάντων
510 2481 698 2557 άπολέσθαι
708 2487 889 2576 δύνασθαι,
905 2493 1122 2576 συμμαχοῦν-

79 2609 161 2668 5τος
193 2587 231 2656 δέ
260 2595 391 2677 θνητοῦ
415 2587 506 2669 τινός
531 2589 751 2676 τελευτήσειν.
796 2590 984 2678 αἰσθομένη
1009 2588 1047 2657 δέ
1073 2594 1122 2676 Γή

105 2694 206 2759 τοῦτο
222 2689 320 2777 ἐζήτει
338 2689 534 2780 φάρμακον,
554 2696 612 2761 ’ίνα
629 2687 704 2778 μηδ
723 2689 792 2761 ύπδ
810 2696 941 2780 θνητοῦ
959 2694 1121 2778 δυνηθῶ-

107 2810 160 2859 σιν
184 2788 380 2861 άπολέσθαι.
418 2792 507 2872 Ζεύς
528 2792 566 2861 δὲ
591 2791 743 2863 άπειποδν
767 2800 900 2881 φαίνειν
922 2790 998 2862 ’Hos
1012 2819 1047 2861 τε
1064 2793 1121 2861 καὶ
1139 2806 1164 2856 λέ

107 2892 242 2982 Σελήνη
260 2893 318 2961 καί
333 2892 436 2986 Ἡλίῳ
454 2892 492 2962 τδ
511 2892 573 2980 μέν
587 2892 766 2981 φάρμακον
785 2890 889 2973 αῦτδς
908 2899 1007 2981 ἔταμε
1024 2893 1121 2981 φθά-

80 3013 182 3083 6σας,
203 2992 367 3085 Ἡρακλέα
391 2994 429 3062 δὲ·
454 2993 630 3083 σύμμαχον
654 2991 693 3063 δι’
715 2993 863 3082 Ἀθηνᾶς
888 2998 1118 3065 ἐπεκαλέσατο.

105 3094 261 3176 κάκείνος
274 3099 409 3185 πρῶτον
426 3094 489 3182 μὲν
503 3095 678 3176 ἐτόξευσεν
688 3095 887 3166 Ἀλκυονέα·
906 3093 924 3165 ό
941 3095 979 3165 δέ
993 3099 1048 3166 ἐπὶ
1062 3099 1120 3183 τής

106 3202 169 3285 γής
186 3204 317 3285 μᾶλλον
335 3196 562 3267 ἀνεθάλπετο·
590 3195 736 3286 ἶΑθηνῦς
760 3197 798 3268 δὲ
822 3196 1038 3286 ὑποθεμένης
1058 3200 1119 3279 ἔξω

40 3341 43 3347 ·
106 3301 165 3384 τῆς
180 3297 360 3388 Παλλήνης
375 3304 531 3370 εἵλκυσεν
544 3297 660 3369 αύτόν.
683 3298 837 3381 κάκείνος
850 3300 914 3389 μὲν
927 3299 1034 3379 οὕτως
1050 3302 1120 3367 έτε-
1139 3311 1164 3363 3(

73 3420 89 3470 2
108 3401 227 3487 λεύτα,
253 3408 459 3491 Πορφυρίων
477 3401 515 3471 δὲ
531 3400 689 3492 Ἡρακλεῖ
704 3401 788 3471 κατά
805 3399 917 3490 μάχην
943 3399 1121 3489 έφιύρμησε

107 3502 273 3594 καλἭρηι.
310 3503 398 3584 Ζεύς
424 3503 461 3573 δὲ
486 3500 579 3596 αύτῷ
604 3503 715 3573 πόθον
724 3501 832 3594 Ἥρας
850 3502 1027 3590 ἐνέβαλεν,
1051 3499 1122 3587 ήτις
