2446 3944
122 169 184 234 104
445 183 827 232 —31232-

120 328 263 410 διιπετές
280 330 467 400 παλλάδιον
485 329 551 421 πρδ
570 333 630 417 τῆς
647 335 774 419 σκηνῆς
790 336 947 419 κείμενον
966 332 1147 406 έθεάσατο.

96 422 164 519 ιῆν
181 430 220 502 δέ
239 433 286 524 τῷ
304 431 442 520 μεγέθει
463 440 630 522 τρίπηχυ,
653 445 724 513 τοῖς
746 431 785 501 δέ
808 433 890 502 ποσὶ
913 436 1149 526 συμβεβηκός,

120 534 180 602 καὶ
196 538 238 623 τῇ
253 532 317 621 μὲν
331 535 423 624 δεξιηί
441 531 527 624 δόρυ
542 532 726 623 διηρμένον
740 539 818 621 ἔχον
831 539 875 624 τῇ
889 535 928 605 δὲ
942 537 1040 627 ἑτέρη
1053 535 1147 624 η’λα-

96 633 229 722 4κάτην
245 635 304 703 καλ
321 632 497 723 ἀτρακτον.
531 640 662 724 ἱστορία
679 633 718 704 δέ
736 633 757 724 ἡ
774 637 852 725 περὶ
870 642 931 708 τοῦ
948 643 1145 709 παλλαδίου

121 735 231 823 τοιήδε
249 737 395 826 φέρεται.
432 738 517 825 φασὶ
540 745 768 823 γεννηθεῖσαν
792 736 854 824 τὴν
872 737 1023 826 Ἀθηνᾶν
1046 741 1180 829 καράρ

126 843 270 928 Τρίτωνι
282 839 479 928 τρέφεσθαι,
498 830 527 930 ιβ
543 837 699 926 θυγάτηρ
713 830 757 926 ἦν
770 839 925 921 Παλλάς·
943 839 1144 932 ἀμφοτέρας

121 937 160 1007 δέ
177 936 351 1020 ἀσκούσας
369 937 504 1009 τάκατά
515 938 663 1028 πόλεμον
681 947 730 1020 είς
739 947 950 1029 φιλονεικίαν
958 941 1042 1012 ποτέ
1049 966 1143 1032 προ-

95 1047 248 1129 ῡελθεῖν,
266 1041 453 1129 μελλούσης
471 1040 510 1111 δέ
528 1041 684 1128 πλήττειν
707 1046 768 1128 τῆς
786 1042 968 1123 Παλλάδος
985 1041 1048 1113 τάν
1067 1052 1144 1115 Δία

119 1143 315 1231 φοβηθέντα
332 1143 394 1229 τὴν
413 1146 532 1228 αίγίδα
548 1156 735 1232 προτεῖναι,
752 1143 815 1232 τὴν
833 1142 872 1213 δέ
885 1142 1144 1233 εὐλαβηθεῖσαν

120 1241 321 1332 ἀναβλέψαι,
338 1243 397 1312 καὶ
414 1240 522 1324 οὕτως
539 1241 609 1313 ύπδ
628 1246 687 1331 τῆς
700 1240 850 1331 Ἀθηνᾶς
867 1256 1061 1333 τρωθεῖσαν
1081 1273 1192 1328 ace-10

92 1359 201 1413 ισεῖν.
224 1339 374 1432 Ἀθηνάν
392 1347 431 1414 δὲ
448 1351 637 1433 περίλυπον
657 1343 711 1415 ἐπ’
731 1342 821 1434 αύτῇ
840 1346 1041 1437 γενομένην,
1057 1347 1142 1437 ξόα-

117 1471 179 1514 νον
190 1448 318 1534 ἐκείνης
333 1444 449 1535 ὅμοιον
458 1444 772 1534 κατασκευάσασαν,
791 1447 849 1516 καλ
862 1457 1055 1538 περιθεῖναι
1066 1466 1143 1533 τοῖς

119 1548 269 1635 στέρνοις
285 1544 330 1634 ἣν
340 1552 467 1618 ἔδεισεν
477 1552 609 1636 αίγίδα,
625 1548 684 1617 καὶ
693 1554 792 1637 τιμᾶν
801 1552 1035 1640 ἱδρυσαμένην
1043 1551 1141 1641 παρά

92 1653 166 1738 ιτῷ
184 1656 252 1718 Λιί.
276 1646 420 1738 ὕστερον
438 1647 477 1718 δέ
492 1643 673 1740 Ἠλέκτρας
689 1649 772 1738 μετά
790 1647 853 1738 την
870 1650 1009 1740 φθοράν
1025 1652 1142 1747 τούτῳ

116 1749 396 1840 προσφυγούσης,
413 1757 485 1822 Δία
502 1755 600 1841 ῥῖψαι
616 1749 682 1839 μετ’
702 1749 807 1839 αὐτῆς
821 1754 880 1822 καλ
898 1752 1141 1826 τδπαλλάδιον
1159 1778 1191 1830 1⁸

117 1857 166 1931 είς
183 1853 246 1939 τὴν
260 1847 384 1921 Ἰλιάδα
401 1853 530 1942 χάραν,
542 1844 630 1923 Ἰλον
648 1852 687 1922 δέ
696 1854 820 1923 τούτου
829 1852 916 1923 ναὸν
925 1856 1140 1927 κατασκευά-

117 1973 223 2022 σαντα
240 1959 349 2042 τιμάν.

92 2074 105 2114 ⁸
196 2053 253 2123 καὶ
271 2056 349 2145 περὶ
366 2053 430 2143 μὲν
440 2059 630 2126 παλλαδίου
640 2059 747 2125 ταύτα
763 2056 911 2144 λέγεται·
929 2047 1140 2148 Ἰλος-δέγή-

115 2181 179 2241 μας
197 2153 397 2243 Εὐρυδίκην
414 2155 478 2243 τὴν
493 2155 679 2245 Ἀδράστου
697 2159 919 2247 Λαομέδοντα
943 2159 1139 2250 ἐγέννησεν,

116 2252 154 2336 ὃς
171 2272 274 2344 γαμεῖ
286 2257 434 2347 Στρυμά
448 2254 511 2345 την
522 2258 765 2348 Σκαμάνδρου,
778 2257 863 2328 κατά
877 2259 920 2330 δέ
929 2285 1024 2339 τινας
1037 2268 1138 2332 Πλα-
1156 2283 1197 2336 νο

115 2363 194 2427 κίαν
212 2357 275 2445 τὴν
289 2357 442 2449 Ἀτρέως,
455 2358 524 2427 κατ’
542 2361 655 2439 ένίους
669 2359 708 2429 δέ
722 2366 944 2450 Λευκίππην,
953 2363 1012 2430 καλ
1025 2379 1141 2434 τεκνοῖ

115 2464 239 2541 παῖδας
250 2459 314 2548 μὲν
334 2462 490 2531 Τιθωνὸν
500 2461 644 2547 Λάμπον
655 2467 807 2531 Κλυτίον
815 2458 984 2532 Ἱκετάονα
994 2462 1139 2552 Ποδάρ-

115 2587 193 2647 κην,
209 2564 402 2650 θυγατέρας
420 2561 458 2632 δέ
474 2560 631 2650 Ἡσιόνην
649 2563 707 2631 καὶ
721 2569 854 2633 Κίλλαν
867 2564 926 2633 καὶ
935 2562 1137 2655 Ἀστυόχην,

116 2663 153 2729 έκ
171 2661 211 2730 δὲ
227 2661 364 2750 νύμφης
382 2662 545 2752 Καλύβης
563 2672 794 2735 Βουκολίωνα,
1011 2728 1014 2733 .

82 2783 100 2832 4
200 2763 357 2833 Τιθωνὸν
374 2756 515 2853 μὲνοῦν
529 2762 807 2853 Ἠοδςάρπάσασα
821 2761 862 2834 δι’
880 2772 986 2855 έροντα
1000 2773 1050 2846 είς
1063 2772 1133 2837 Ac·
1155 2790 1189 2842 25

114 2871 255 2935 θιοπίαν
273 2871 408 2953 κομίζει,
425 2865 526 2935 κάκεῖ
537 2871 754 2937 συνελθοῦσα
766 2869 872 2957 γεννᾷ
887 2871 1012 2948 παῖδας
1027 2866 1137 2956 Ἠμα-

81 2984 97 3035 ο
115 2971 230 3035 δίωνα
247 2966 304 3035 καὶ
322 2967 498 3054 Μέμνονα.
534 2966 616 3055 μετὰ
635 2967 674 3036 δὲ
690 2968 729 3037 τδ
748 2970 928 3057 αἱρεθῆναι
939 2965 1046 3039 Ἴλιον
1062 2968 1135 3041 ύπδ

113 3067 337 3158 Ἡρακλέους,
356 3065 402 3148 ἀς
419 3066 539 3157 μικρὸν
556 3068 709 3158 πρόσθεν
726 3067 809 3157 ἡμῖν
827 3070 995 3156 λέλεκται,
1016 3072 1137 3159 ἐβασί-

115 3176 215 3240 λενσε
233 3170 413 3260 Ποδάρκης
431 3168 450 3239 ὁ
469 3171 608 3257 κληθεὶς
621 3175 791 3259 Πρίαμος·
809 3172 868 3240 καὶ
881 3185 983 3259 γαμεῖ
994 3195 1136 3262 πριιτην

112 3266 271 3359 Ἀρίσβην
288 3270 350 3359 τὴν
370 3272 545 3362 Μέροπος,
564 3273 596 3354 ἐξ
615 3261 655 3359 ἧς
672 3269 767 3365 αύτῷ
780 3288 860 3353 παῖς
874 3282 1024 3353 Αίσακος
1038 3282 1134 3360 γίνε·
1152 3295 1188 3348 30

56 3409 58 3414 s
114 3398 179 3459 ται,
197 3369 234 3453 δς
253 3377 375 3460 ἔγημεν
389 3371 595 3463 Ἀστερόπην
613 3373 675 3462 τὴν
693 3378 867 3464 Κεβρῆνος
885 3375 1072 3465 θυγατέρα,
1090 3373 1135 3464 ἣν

88 3491 101 3530 2
114 3478 254 3543 πενθῶν
264 3472 510 3544 ἀποθανοῦσαν
521 3471 742 3565 ἀπωρνεώθη.
762 3482 917 3565 Πρίαμος
926 3476 964 3545 δὲ
974 3474 1134 3568 Ἀρίσβην
