2446 3944
166 203 208 268 80
490 216 855 266 -3424-

165 363 228 452 μὲν
247 362 403 451 Αὐτονόη
420 358 492 433 ’1νῶ
509 365 641 453 Σεμέλη
656 362 794 451 Ἀγαυή,
813 377 894 445 παῖς
912 363 950 432 θλ
963 362 1187 453 Πολύδωρος.

164 461 237 535 ’1αώ
256 465 318 553 μὲν
332 457 397 534 οὐν
413 462 562 554 Ἀθάμας
581 472 715 554 ἔγημεν,
733 463 914 554 Αὐτονόην
933 464 972 535 δὲ
985 460 1187 555 Ἀρισταῖος,

133 585 149 637 3
164 565 314 655 Ἀγαυὴν
325 565 453 654 Ἐχίων.
484 569 635 656 Σεμέλης
649 567 687 637 θέ
698 566 787 649 Ζεύς
799 567 955 654 ἐρασθεὶς
968 567 1085 656 κρύφα
1099 588 1187 639 συν-

168 667 346 752 ευνάζεται.
372 666 394 756 ἢ
413 667 452 737 δὲ
471 670 717 758 ἐξαπατηθεῖσα
734 667 932 756 ύπόἭρας,
950 668 1187 739 κατανεύσαν-

167 797 224 850 τος
243 766 331 860 αὐτῇ
343 768 427 850 Διὸς
445 775 515 839 πᾶν
529 770 567 840 τὸ
579 771 721 860 αίτηθλν
734 769 897 858 ποιήσειν,
917 775 1057 840 αἰτεῖται
1069 777 1186 842 τοιού-
1201 790 1214 841 ⁵

166 898 227 939 τον
262 869 369 941 αὐτόν
403 875 518 941 ἐλθεῖν
552 867 621 953 οἶος
652 864 739 961 ἦλθε
771 871 1041 961 μνηστευόμενος
1062 870 1185 961 Ἥραν.

142 973 257 1053 ῖΖεύς
275 973 313 1043 θλ
331 974 376 1062 μὴ
395 973 587 1062 θεινόμενος
603 972 800 1061 ἀνανεῦσαι,
818 979 1040 1063 παραγίνεται
1057 981 1108 1056 είς
1127 974 1187 1045 τόν

166 1075 323 1164 θόλαμον
340 1071 446 1162 αὐτῆς
464 1074 514 1164 ἐφ’
535 1076 681 1164 ἅρματος
699 1073 888 1166 ἀστραπαῖς
906 1072 992 1163 ὁμοῦ
1009 1077 1068 1146 καὶ
1081 1083 1186 1164 βρον-

166 1192 257 1263 ταῖς,
281 1179 338 1245 καλ
363 1177 533 1267 κεραυνόν
558 1182 658 1265 ἵησιν.
697 1179 847 1266 Σεμέλης
866 1176 904 1246 θέ
922 1175 977 1246 θινὶ
995 1176 1059 1245 τόν
1077 1177 1186 1266 φόβον

168 1278 389 1367 ἐκλιπούσης,
418 1279 631 1367 ἑξαμηνιαῖον
658 1281 785 1368 βρέφος
818 1278 1035 1368 ἐξαμβλωθέν
1065 1283 1103 1350 ἐκ
1126 1283 1185 1349 τού
1200 1297 1220 1348 1:

141 1380 276 1468 ³2tv969
301 1377 457 1468 ἁρπάσας
484 1381 649 1468 ἐνέρραψε
671 1386 720 1472 τῷ
744 1383 849 1472 μηρῷ.
884 1378 1132 1469 ἀποθανούσης
1150 1380 1186 1451 θέ

168 1483 330 1570 Σεμέλης,
349 1487 389 1551 αί
404 1482 518 1550 λοιπαί
537 1484 680 1570 Κάδμου
707 1483 894 1569 θυγατέρες
918 1481 1102 1566 διήνεγκαν
1127 1481 1185 1553 λό-

166 1610 241 1669 γον,
260 1589 493 1670 συνευνησθαι
510 1588 627 1674 θνητῷ
646 1583 711 1652 τινλ
726 1574 884 1672 Σεμέλην
897 1584 954 1652 καὶ
967 1583 1186 1665 καταψεύσα-

141 1701 154 1739 4
167 1693 249 1752 σθαι
259 1684 355 1770 Διός,
373 1684 430 1752 καλ
448 1683 503 1753 διὰ
517 1686 618 1754 τούτο
633 1685 860 1772 ἐκεραυνώθη.
879 1683 964 1753 κατὰ
977 1683 1016 1754 θλ
1029 1685 1091 1755 τὸν
1103 1685 1187 1775 χρό-

167 1785 299 1854 νοντόν
309 1785 503 1874 καθήκοντα
513 1786 687 1857 Διόνυσον
704 1788 809 1877 γεννᾷ
822 1786 910 1866 Ζεύς
921 1786 1028 1866 λύσας
1044 1787 1086 1855 τὰ
1097 1787 1188 1876 βύμ-
1221 1826 1223 1846 2

166 1913 271 1974 ματα,
298 1888 355 1955 καλ
382 1892 524 1957 (λίθωσιν
538 1887 652 1977 Ἑρμῇ.
696 1885 716 1957 ὃ
735 1888 773 1958 δὲ
791 1893 914 1975 κομίζει
932 1888 1019 1976 πρὸς
1035 1885 1111 1957 'lvd
1130 1888 1188 1956 καὶ

142 1987 373 2076 5Ἀθύμαντα,
399 1989 457 2056 καλ
481 1997 591 2058 πείθει
617 1991 752 2078 τρέφειν
777 1989 822 2069 οἱς
840 1987 955 2077 κόρην.
991 1985 1188 2077 ἀγανακτή-

169 2111 256 2156 σασα
275 2086 411 2178 θέἭρα
428 2098 556 2177 μανίαν
574 2087 692 2170 αὐτοῖς
706 2091 860 2179 ἐνέβαλε,
880 2092 938 2159 καὶ
953 2087 1107 2178 Ἀθάμας
1124 2090 1188 2178 μἐν

167 2191 228 2258 τὸν
247 2189 478 2279 πρεσβύτερον
495 2197 602 2261 παῖθα
620 2194 776 2280 Λέαρχον
795 2190 841 2272 οἱς
868 2198 994 2280 ἔλαφον
1012 2191 1187 2283 θηρεύσας

166 2290 381 2381 ἀπέκτεινεν,
403 2291 476 2361 ’1νῶ
501 2292 540 2362 δὲ
562 2293 623 2362 τόν
642 2294 855 2381 Μελικέρτην
873 2299 920 2373 είς
938 2294 1188 2381 πεπυρωμένον
1210 2321 1223 2352 ι

167 2395 289 2482 λέβητα
308 2397 449 2483 ῥίψασα,
475 2392 547 2463 εἶτα
566 2395 765 2483 βαστάσασα
782 2395 865 2482 μετὰ
883 2397 1007 2482 νεκροῦ
1025 2399 1090 2465 τού
1110 2419 1186 2465 παι·

141 2510 153 2550 6
167 2496 226 2573 θὸς
244 2493 346 2580 ἥλατο
360 2494 444 2564 κατὰ
463 2499 595 2582 βυθῶν.
623 2498 681 2565 καλ
695 2496 873 2568 Λευκοθέα
890 2495 954 2584 μὲν
967 2490 1056 2584 αὐτη
1069 2505 1187 2567 καλεί-

167 2623 231 2681 ται,
251 2605 440 2684 Παλαίμων
454 2596 492 2666 δὲ
508 2591 525 2667 ό
542 2612 634 2685 παῖς,
650 2596 758 2678 οὐτως
768 2594 1016 2686 ὀνομασθέντες
1029 2595 1101 2665 ύπό
1116 2602 1187 2666 τοῖν

168 2695 356 2765 πλεόντων·
376 2712 448 2778 τοῖς
466 2701 709 2789 χειμαζομένοις
723 2698 789 2788 ψὰρ
803 2704 1002 2787 βοηθοῦσιν.
1032 2699 1132 2786 ἐτέθη
1150 2697 1188 2766 θέ

168 2799 224 2867 ἐπὶ
244 2801 434 2888 Μελικέρτῃ
460 2797 555 2886 ἆγύυ
572 2807 642 2870 τῶν
664 2801 843 2889 Ἰσθμίων,
869 2800 1028 2887 Σισύφου
1053 2801 1186 2880 θέντος.
1209 2835 1223 2858 ε

143 2915 155 2955 ⁷
170 2899 341 2970 Διόνυσον
359 2899 398 2968 θλ
412 2901 500 2982 Ζεύς
519 2911 567 2982 είς
588 2909 705 2990 ἐριφον
718 2899 863 2983 ἀλλάξας
877 2899 1053 2990 τόνἭρας
1070 2901 1187 2989 θυμὸν

170 3007 301 3089 ἔκλεψε,
319 3001 376 3071 καὶ
394 3004 511 3092 λαβὼν
525 3003 631 3072 αὐτόν
647 3002 765 3092 Ἑρμῆς
779 3003 864 3090 πρὸς
879 3001 1016 3091 νύμφας
1033 3004 1188 3092 ε’κόμισεν

169 3106 206 3172 έν
217 3101 320 3194 Νύση
336 3110 395 3191 τῆς
406 3102 519 3184 Ἀσίας
533 3107 765 3192 κατοικούσας,
779 3101 818 3185 ἃς
827 3104 972 3194 ὕστερον
983 3105 1072 3185 Ζεύς
1082 3131 1186 3174 κατα-

170 3213 325 3296 στερίσας
344 3206 519 3296 ὠνόμασεν
533 3205 662 3287 mag.

134 3325 151 3372 4
246 3305 422 3397 Αὐτονόης
441 3307 479 3377 θέ
496 3310 554 3377 καλ
567 3308 757 3398 Ἀρισταίου
772 3322 851 3386 παῖς
866 3305 1027 3376 Ἀκταίων
1043 3307 1186 3394 ἐγένετο,
1208 3351 1213 3367 ›

171 3405 208 3489 ὃς
225 3411 366 3498 τραφεὶς
386 3410 476 3498 παρὰ
489 3417 634 3497 Χείρωνι
651 3410 799 3499 κυνηγός
815 3408 995 3496 ἐθιθοίχθη,
1014 3411 1072 3478 καὶ
1086 3407 1188 3480 ὐστε-

171 3537 232 3599 ρον
246 3510 444 3599 κατεβρώθη
465 3515 503 3581 ἐν
517 3517 563 3603 τῷ
576 3517 764 3600 Κιθαιρῶνι
781 3508 850 3580 ὐπὸ
864 3515 932 3579 τῶν
948 3515 1046 3580 ίθίωυ
1060 3512 1187 3583 κυνῶν.
