2446 3944
114 109 156 174 60
423 117 819 168 -251010-

116 269 172 336 έπὶ
190 265 251 354 τὴν
270 263 376 335 αὐτοῦ
395 266 527 354 ζήτησιν
545 264 718 354 ἠπείγετο·
746 261 859 353 εύρδν
872 261 911 331 δέ
926 265 964 332 ἐν
977 276 1053 342 ταῖς
1071 267 1139 334 τοῦ

105 367 250 455 Ἔρυκος
268 363 404 456 άγέλαις
422 367 566 455 άπαιτεῑ,
583 369 640 435 καὶ
659 370 817 453 λέγοντος
836 360 876 433 ού
897 363 1020 434 δύσειν
1039 373 1074 436 εί
1089 363 1141 453 μὴ

117 476 283 548 παλαίσας
302 464 411 538 αύτού
430 471 653 559 περιγένηται,
681 469 755 555 τρὶς
773 465 1030 555 περιγενόμενος
1048 466 1141 534 κατὰ

116 570 177 656 τὴν
196 570 307 656 πάλην
324 566 509 657 άπέκτεινε,
527 571 585 638 καὶ
603 569 664 637 τόν
682 574 811 658 ταῦρον
829 566 944 654 λαβύν
962 566 1046 653 μετὰ
1067 571 1143 634 τῶν
1175 654 1181 659 ¹

79 694 104 732 11
118 669 232 740 ἄλλων
251 673 305 740 ἐπὶ
324 671 385 740 τόν
396 669 514 742 Ἰόνιον
531 670 659 759 ἤλαυνε
676 671 812 739 πόντον.
846 667 891 748 ύς
905 668 945 737 δέ
957 660 1065 756 ἦλθεν
1080 671 1141 738 ἐπὶ
1160 689 1177 738 5

118 770 199 852 τούς
216 773 348 860 μυχούς
366 779 427 841 τοῦ
445 773 585 859 πόντου,
603 788 675 850 ταῖς
689 771 812 860 βουσίν
826 769 962 860 οἶστρον
976 770 1143 856 ἐνέβαλεν

118 870 250 963 ἡἭρα,
277 875 333 943 καὶ
352 882 519 962 σχίζονται
536 873 619 943 κατά
637 873 696 954 τάς
714 876 773 960 τῆς
793 871 928 961 Θρᾴκης
947 869 1141 959 ὑπωρείας·

118 971 136 1044 δ
161 974 199 1044 δέ
224 975 345 1056 διύξας
367 976 427 1056 τὰς
451 975 514 1063 μὲν
537 975 719 1062 συλλαβῶν
744 975 798 1042 ἐπὶ
816 972 878 1042 τδν
888 971 1144 1060 Ἑλλήσποντον

117 1075 258 1163 ἤγαγεν,
284 1081 322 1144 αλ
347 1076 387 1145 δέ
409 1073 669 1163 ἀπολειφθεῖσαι
691 1075 729 1144 τό
757 1075 876 1143 λοιπὸν
897 1067 988 1162 ἦσαν
1013 1072 1140 1160 άγριαι.

80 1198 106 1237 1²
119 1177 215 1263 μόλις
234 1176 272 1246 δὲ
290 1183 360 1244 τῶν
382 1183 475 1264 βοῶν
494 1180 739 1247 συνελθουσῶν
758 1176 943 1264 Στρυμόνα
960 1175 1141 1264 μεμψάμε·
1163 1194 1181 1244 λι

119 1305 177 1358 νος
187 1276 247 1346 τόν
257 1279 422 1366 ποταμόν,
436 1278 539 1348 πάλαι
551 1278 588 1347 τό
606 1282 746 1367 ῥεῖθρον
761 1277 895 1346 πλωτὸν
908 1275 949 1345 δν
966 1277 1140 1365 ἐμπλήσας

11 1455 14 1464 ,
119 1381 254 1465 πέτραις
273 1378 431 1450 ἄπλωτον
451 1385 599 1467 ἐποίησε,
623 1381 680 1448 καὶ
703 1379 764 1458 τὰς
781 1377 863 1468 βόας
882 1376 1064 1468 Εὐρυσθεῖ
1078 1405 1141 1447 κο-

123 1489 223 1567 μίσας
243 1485 380 1550 ἔδωκεν.
415 1478 434 1549 δ
452 1471 490 1550 δὲ
508 1480 613 1560 αύτδις
631 1484 819 1550 κατέθυσεν
827 1478 927 1570 Ἥρᾳ.

72 1601 103 1651 11
199 1583 428 1651 τελεσθέντων
454 1581 493 1651 δέ
518 1585 587 1650 τῶν
614 1579 732 1650 άθλων
760 1583 811 1651 ἑνὶ
837 1582 919 1669 μηνὶ
949 1580 1007 1649 καὶ
1033 1585 1144 1650 ἔτεσιν

123 1678 224 1773 όκτύ,
250 1683 296 1770 μὴ
324 1684 591 1773 προσδεξάμενος
611 1679 814 1771 Εύρυσθεύς
840 1683 901 1751 τόν
920 1708 956 1750 τε
982 1685 1052 1751 τῶν
1079 1684 1144 1750 τοῦ
1163 1702 1181 1752 1:

124 1778 265 1870 Αύγέου
283 1784 503 1873 βοσκημάτων
520 1785 655 1854 καὶτὸν
672 1790 730 1871 τῆς
743 1782 864 1872 ὕδρας,
884 1783 1063 1852 ἑνδέκατον
1079 1787 1141 1853 έπ-

124 1885 238 1964 έταξεν
262 1876 370 1955 ἆθλον
393 1885 474 1973 παρ’
490 1880 698 1973 Ἐσπερίδων
723 1883 849 1972 χρύσεα
872 1890 961 1973 μῆλα
986 1892 1143 1972 νομιζειν.

93 2006 105 2044 2
122 1990 229 2053 ταύτα
247 1984 286 2055 δὲ
299 1978 354 2074 ἦν,
373 1985 414 2055 ού
420 2016 439 2074 χ
451 1985 498 2068 ὥς
511 2014 598 2066 τινες
613 1985 710 2055 εἶπον
724 1988 761 2054 ἐν
770 1986 898 2074 Λιβύη,
916 1983 990 2054 ἀλλ’
1010 1988 1065 2054 ἐπὶ
1080 1990 1145 2054 τοῦ

118 2084 301 2167 ’Ἄτλαντος
317 2091 353 2155 ἐν
364 2086 608 2175 Ὑπερβορέοις·
635 2084 732 2158 δΔιὶ
749 2084 894 2174 γήμαντι
902 2083 992 2175 Ἦρα
1011 2086 1144 2175 ἐδωρή-

126 2207 217 2255 σατο.
254 2187 424 2274 ἐφύλασσε
443 2188 481 2258 δέ
499 2188 587 2259 αύτδι
605 2189 742 2277 δράκων
760 2185 950 2274 άθάνατος,
976 2192 1145 2274 Τυφῶνος
1165 2211 1181 2261 2

124 2289 182 2355 καί
196 2287 361 2378 Ἐχίδνης,
379 2289 530 2378 κεφαλάς
550 2297 636 2376 έχων
656 2287 790 2358 ἑκατόν·
819 2291 938 2377 ἐχρῆτο
952 2288 991 2357 δὲ
1009 2304 1146 2376 φωναῖς

125 2397 300 2471 παντοίαις
313 2391 369 2459 καὶ
379 2398 553 2471 ποικίλαις.
573 2389 654 2478 μετδι
665 2389 789 2459 τούτου
803 2389 841 2460 δέ
851 2389 1042 2478 Ἑσπερίδες
1055 2391 1146 2477 ε’φύ-

97 2497 258 2577 ελαττον,
279 2499 388 2579 Αίγλη
409 2491 566 2581 Ἐρύθεια
587 2491 743 2581 Ἑσπερία
759 2489 958 2577 Ἀρέθουσα.
995 2493 1143 2580 πορευό-

122 2617 222 2677 μενος
237 2582 300 2659 οὖν
317 2593 373 2660 ἐπὶ
387 2593 728 2681 ποταμὸνἘχέδωρον
743 2583 809 2680 ἧκε.
830 2592 966 2671 Κύκνος
980 2590 1145 2682 δέ”Αρεος

122 2692 181 2759 καὶ
191 2690 356 2780 Πυρήνης
370 2701 420 2774 είς
433 2702 642 2782 μονομαχίαν
657 2691 765 2763 αύτδν
779 2702 1013 2780 προυκαλεῖτο.
1021 2691 1143 2784 ’Ἄρεος
1163 2717 1181 2766 2

123 2792 162 2861 δέ
190 2783 311 2862 τοῦτον
343 2797 557 2875 ἐκδικοῦντος
587 2797 644 2864 καὶ
672 2795 892 2875 συνιστάντος
918 2805 1145 2886 μονομαχίαν,

122 2896 263 2982 βληθεὶς
281 2894 448 2979 κεραυνός
465 2899 565 2983 μέσος
584 2896 785 2984 ἀμφοτέρων
799 2896 930 2965 διαλύει
943 2894 1005 2981 τὴν
1021 2896 1145 2985 μάχην.

123 3000 272 3083 βαδίζων
296 2996 334 3065 δὲ
360 2995 403 3066 δι’
427 2995 613 3088 Ἰλλυριῶν,
640 2998 696 3065 καὶ
723 2996 882 3066 σπεύδων
910 2997 965 3065 ἐπὶ
992 2999 1145 3084 ποταμὸν

95 3092 315 3184 λἨριδανόν,
341 3090 401 3184 ἧκε
419 3098 503 3187 πρὸς
521 3097 659 3187 νύμφας
680 3097 762 3177 Διὸς
780 3098 836 3165 καλ
856 3099 1007 3185 Θέμιδος.
1044 3093 1145 3168 αύται

121 3196 313 3283 μηνύουσιν
331 3199 425 3291 αύτῷ
441 3202 568 3286 Νηρέα.
597 3199 777 3287 συλλαβτδν
793 3199 831 3268 δὲ
849 3199 956 3267 αὐτὸν
974 3197 1143 3287 κοιμώμε-
1160 3217 1181 3269 θ

120 3324 184 3366 νον
200 3298 258 3367 καὶ
276 3309 439 3382 παντοίας
459 3301 709 3371 ἐναλλάσσοντα
723 3300 858 3389 μορφάς
874 3305 981 3388 ἔδησε,
1000 3301 1057 3368 καὶ
1076 3301 1141 3369 οὐκ

122 3405 219 3469 έλυσε
243 3401 325 3490 πρὶν
350 3395 371 3489 ἢ
394 3413 520 3490 μαθεῖν
545 3402 625 3491 παρ’
653 3401 758 3472 αὐτοῦ
785 3405 851 3471 ποῦ
876 3402 1077 3488 τυγχάνοιεν
1103 3405 1147 3469 τὰ·
