2446 3944
103 102 147 167 54
437 113 797 162 -εειε-

104 259 309 349 καὶ”Αγριον
324 259 489 352 Ἡρακλῆς
508 262 668 349 έτρέψατο
684 259 802 348 βαλάν
819 266 952 348 δαλοῖς,
977 259 1061 343 τούς
1089 262 1130 332 δὲ

79 362 245 443 ιλοιπούς
264 362 417 445 ἐτόξευσε
435 362 568 432 διοόκων
585 361 664 449 άχρι
678 367 740 449 τῆς
754 363 906 442 Μαλέας.
934 364 1070 434 έκείθεν
1088 364 1129 435 δὲ

104 462 190 552 πρός
209 472 365 553 Χείρωνα
383 466 594 552 συνέφυγον,
619 461 658 544 ὃς
677 464 848 545 ἐξελαθεὶς
865 457 936 532 ύπό
959 467 1130 535 Λαπιθῶν

104 564 206 654 ὅρους
226 571 358 654 Πηλίου
382 564 473 654 παρά
499 567 643 635 Μαλέαν
667 565 849 659 κατῴκησε.
890 565 1002 655 τούτῳ
1027 591 1128 657 περι-

104 666 321 748 πεπτωκότας
335 667 417 748 τούς
431 668 649 755 Κενταύρους
663 666 808 748 τοξεύων
822 673 890 754 ἵησι
902 666 1014 755 βέλος,
1033 667 1073 738 τδ
1088 669 1129 739 δὲ
1144 687 1161 740 ο

79 788 92 829 ⁶
107 768 247 854 ἐνεχθὲν
261 766 400 838 Ἐλάτου
419 768 474 838 διά
491 771 552 839 τοῦ
569 775 749 857 βραχίονος
768 771 802 849 ές
819 766 858 837 τδ
876 767 964 854 γόνυ
982 768 1021 837 τὸ
1042 778 1129 840 Χεί-

104 897 212 956 ρωνος
231 871 450 959 ἐμπήγνυται.
483 867 638 952 ἀνιαθεὶς
657 869 694 939 δὲ
709 868 878 958 Ἡρακλῆς
895 872 1128 959 προσδραμοδν

103 969 143 1041 τό
160 998 195 1040 τε
208 973 306 1061 βέλος
325 974 514 1060 ἐξείλκυσε,
538 974 596 1041 καλ
613 972 733 1051 δόντος
751 979 924 1060 Χείρωνος
942 970 1129 1060 φάρμακον

106 1074 280 1162 ἐπέθηκεν.
316 1071 458 1143 άνίατον
476 1073 515 1143 δὲ
534 1079 620 1160 ἔχων
636 1071 674 1143 τό
700 1075 796 1154 ἕλκος
820 1079 869 1154 είς
894 1071 933 1140 τδ
957 1070 1128 1160 σπήλαιον

104 1173 365 1244 ἀπαλλάσσεται.
406 1173 505 1244 κάκεῑ
525 1178 720 1264 τελευτῆσαι
743 1173 969 1262 βουλόμενος,
996 1178 1055 1244 καὶ
1078 1175 1126 1265 μή
1144 1193 1170 1259 λλ]

105 1276 295 1363 δυνάμενος
310 1278 446 1366 ἐπείπερ
460 1273 633 1358 άθάνατος
650 1268 705 1366 ῆν,
724 1274 883 1365 άντιδούς
902 1276 941 1345 δέ
954 1277 1014 1346 Διλ
1028 1286 1126 1366 Προ-

103 1379 216 1466 μηθέα
239 1377 302 1447 τόν
326 1375 401 1447 ἄντ’
423 1377 533 1449 ἀὐτού
555 1378 785 1468 γενησόμενον
801 1376 988 1464 ἀθάνατον,
1014 1377 1126 1459 οὕτως

77 1501 90 1540 ⁶
105 1477 288 1550 ἀπέθανεν.
317 1485 352 1548 οί
363 1482 474 1548 λοιπολ
488 1481 527 1550 δὲ
542 1485 611 1548 τῶν
625 1478 833 1569 Κενταύρων
852 1478 1043 1568 φεύγουσιν
1061 1477 1125 1548 άλ-

107 1587 164 1660 λος
178 1579 307 1670 ἀλλαχῆ
312 1635 322 1669 ,
335 1577 491 1662 καλτινὲς
504 1580 567 1669 μέν
577 1583 803 1670 παρεγένοντο
816 1588 865 1662 είς
875 1578 954 1669 ὅρος
964 1581 1126 1669 Μαλέαν,

109 1678 291 1768 Εὐρυτίων
309 1680 348 1758 δὲ
367 1687 415 1763 είς
426 1682 573 1772 Φολόην,
589 1683 721 1763 Νέσσος
739 1682 777 1752 δὲ
795 1682 851 1752 ἐπί
864 1681 1016 1769 ποταμόν
1029 1679 1125 1772 Εὐη-
1147 1700 1170 1757 λι

103 1810 176 1854 νον.
194 1781 276 1864 τούς
290 1783 328 1854 δέ
347 1784 485 1866 λοιπούς
494 1782 747 1872 ύποδεξάμενος
756 1786 934 1855 Ποσειδῶν
947 1788 995 1863 είς
1006 1779 1126 1854 Ἐλευ-

78 1911 90 1950 τ
105 1899 184 1953 οἴνα
199 1883 268 1974 όρει
281 1885 523 1967 κατεκάλυψεν.
553 1884 753 1957 έπανελθάν
767 1885 805 1956 δέ
818 1890 867 1965 είς
875 1884 1010 1972 Φολόην
1020 1882 1139 1975 ‘How‘

104 1992 204 2074 κλῆς,
227 1989 284 2056 καὶ
305 1985 418 2057 Φόλον
435 1990 643 2058 τελευτῶντα
659 1985 871 2075 θεασάμενος
883 1983 967 2074 μετά
984 1984 1042 2054 καλ
1060 1985 1124 2057 ἄλ·
1141 1988 1144 1993 ’

104 2096 174 2155 λων
188 2091 335 2175 πολλῶν,
351 2141 358 2156 .
376 2141 384 2159 .
401 2143 407 2157 .
425 2087 568 2168 ἑλκύσας
584 2086 800 2177 έκνεκροῦτδ
809 2087 919 2175 βέλος,
936 2085 1128 2176 ἐθαύμαζεν

105 2187 233 2269 είντούς
246 2188 465 2276 τηλικούτους
478 2191 517 2258 τδ
530 2188 652 2279 μικρόν
667 2192 851 2278 διέφθειρε·
878 2188 916 2258 τδ
931 2187 968 2258 δέ
980 2193 1040 2276 τῆς
1054 2217 1128 2278 χει·
1146 2216 1170 2266 υ

105 2290 163 2379 ρὸς
179 2289 367 2380 ὀλισθῆσαν
380 2281 487 2378 ἦλθεν
501 2292 556 2362 ἐπὶ
573 2290 634 2360 τόν
652 2290 741 2360 πόδα
758 2293 816 2360 καὶ
834 2290 1037 2382 παραχρῆμα
1054 2287 1126 2360 άπ-

79 2419 93 2460 ε
108 2393 252 2462 έκτεινεν
266 2392 382 2464 αὐτόν.
410 2393 527 2474 θάψας
540 2392 579 2462 δέ
595 2392 709 2462 Φόλον
719 2391 886 2481 Ἡρακλῆς
904 2393 960 2461 έπλ
978 2389 1043 2478 τήν
1060 2398 1127 2462 τού

105 2492 240 2584 κάπρου
258 2494 375 2583 θήραν
389 2484 620 2584 παραγίνεται,
638 2494 697 2563 καὶ
714 2493 835 2575 διάξεις
854 2487 962 2563 αὐτόν
980 2497 1018 2561 έκ
1034 2519 1128 2576 τινος

105 2594 230 2683 λόχμης
257 2597 339 2683 μετά
366 2602 518 2685 κραυγῆς
546 2603 594 2678 είς
620 2595 716 2683 χιόνα
741 2595 892 2683 πολλήν,
921 2595 1128 2682 παρειμένον

107 2698 309 2786 ἐμβροχίσας
326 2724 363 2767 τε
381 2697 535 2786 ἐκόμισεν
554 2705 604 2778 είς
623 2696 801 2786 Μυκήνας.
1147 2723 1170 2772 2¹

71 2826 87 2876 5
182 2797 334 2887 πέμπτον
353 2797 440 2888 [μὲν]
464 2799 621 2879 ἐπέταξεν
645 2796 739 2892 αὐτῷ
762 2790 872 2867 ἆθλον
896 2801 966 2865 τῶν
984 2795 1126 2884 Αὐγέου

105 2900 327 2989 βοσκημάτων
342 2902 380 2970 έν
392 2898 502 2990 ήμέρᾳ
518 2903 578 2990 μιᾷ
595 2898 702 2988 μόνον
721 2902 907 2988 ἐκφορῆσαι
923 2896 987 2985 τήν
1005 2896 1126 2969 ὄνθον.

105 2991 148 3088 ῆν
173 3002 212 3071 δέ
236 2998 371 3089 Αὐγέας
395 3000 554 3092 βασιλεύς
569 2999 725 3087 Ἤλιδος,
748 2998 794 3082 ὡς
817 3002 881 3090 μέν
903 3026 990 3080 τινες
1014 2999 1126 3089 εἶπον,

107 3117 186 3183 παῖς
196 3103 324 3192 Ἡλίου,
339 3101 385 3185 οἱς
399 3105 441 3174 δέ
450 3130 552 3191 τινες,
566 3104 791 3190 Ποσειδῶνος,
808 3095 854 3182 οἷς
869 3101 907 3170 δέ
920 3106 1013 3187 ἔνιοι,
1030 3101 1126 3192 Φόρ-

81 3235 94 3274 ε
106 3209 247 3291 βαντος,
272 3206 398 3287 πολλάς
422 3205 460 3275 δὲ
484 3204 553 3292 εἶχε
574 3204 798 3292 βοσκημάτων
821 3209 977 3291 ποίμνας.
1014 3201 1125 3296 τούτφ
1144 3221 1170 3274 34

107 3306 309 3393 προσελθων
318 3305 501 3396 Ἡρακλῆς,
521 3304 562 3376 οὐ
577 3304 732 3394 δηλοόσας
745 3303 809 3393 τήν
824 3301 1035 3392 Εὐρυσθέως
1051 3309 1126 3375 έπι-

106 3407 225 3495 ταγήν,
241 3415 366 3496 ἔφασκε
375 3414 435 3500 μιᾷ
444 3406 553 3501 ήμέρηι
562 3406 623 3496 τῆν
633 3404 741 3478 όνθον
750 3402 963 3505 1ἐκφορήσειν,
980 3413 1012 3475 εί
1024 3405 1128 3476 δύσει
