2446 3944
196 207 218 269 4
551 217 851 265 —115-

199 364 271 435 εἶτα
292 364 473 454 Δήμητραν
490 362 680 454 καὶἭραν,
698 360 775 451 μεθ’
797 360 837 444 δὶς
857 364 1046 434 Πλούτωνα
1064 364 1120 431 καὶ
1141 375 1218 434 Πο-

165 471 353 538 δσειδῶνα.
385 463 584 553 ὀργισθεῖσα
603 464 642 533 δὲ
670 467 725 533 ἐπὶ
751 465 883 545 τούτοις
899 464 970 533 Ῥέα
995 473 1218 555 παραγίνεται

199 568 317 656 μδνείς
327 567 476 657 Κρήτην,
492 564 639 654 ὁπηνίκα
646 567 706 634 τὸν
717 572 786 638 Διά
795 569 1031 655 ἐγκυμονοῦσα
1040 566 1217 656 ἐτύγχανε,

199 672 304 760 γεννᾷ
323 668 361 738 δὲ
380 671 417 737 έν
435 667 550 762 άντρςο,
561 671 620 756 της
634 675 762 756 Δίκτης
772 676 863 756 Δία,
880 671 937 737 καί
955 671 1077 737 τοῦτον
1096 673 1217 738 δίδωσι

198 773 380 859 τρέφεσθαι
397 769 556 859 Κούρησί
570 797 606 838 τε
623 773 680 839 καὶ
698 783 772 850 ταῖς
791 770 986 851 Μελισσέως
1011 772 1105 840 παισὶ
1123 771 1216 858 νύμ-

164 895 180 944 7
199 899 289 961 φαις,
304 871 502 962 Ἀδραστείᾳ
516 899 552 940 τε
565 867 717 977 ηαὶἽδη.
752 861 852 940 αὗται
869 871 931 957 μέν
950 864 1014 940 οῦν
1031 873 1090 940 τὸν
1108 878 1216 941 παῖδα

198 980 342 1065 ἔτρεφον
367 979 415 1065 τῷ
441 976 501 1059 της
518 973 718 1061 Ἀμαλθείας
744 971 963 1059 γάλακτι,οί
984 973 1022 1041 δὲ
1040 974 1216 1062 Κούρητες

199 1082 333 1145 ἔνοπλοι
344 1077 436 1166 ἐντῷ
446 1072 558 1167 ῦντρῳ
567 1073 605 1142 τό
614 1076 740 1163 βρέφος
758 1074 989 1160 φυλάσσοντες
1006 1089 1078 1154 τοῖς
1096 1073 1217 1164 δόρασι

197 1178 257 1257 τὰς
271 1174 417 1255 ἀσπίδας
431 1177 654 1264 συνέκρουον,
669 1174 784 1263 ἵναμὴ
803 1180 861 1262 τῆς
878 1179 940 1244 τοῦ
959 1173 1079 1256 παιδός
1097 1183 1215 1263 φωνῆς

198 1277 216 1346 ὁ
231 1275 365 1364 Κρόνος
379 1271 517 1367 άκαύση.
549 1274 621 1346 Ῥέα
640 1276 678 1345 δὲ
696 1284 797 1346 λίθον
815 1276 1087 1366 σπαργανώσασα
1108 1283 1213 1348 ἔδωκε

197 1379 321 1471 Κρόνῳ
335 1394 511 1448 καταπιεῖν
524 1376 570 1459 οἱς
583 1378 644 1448 τὸν
657 1379 904 1466 γεγεννημένον
917 1383 1032 1448 παῖδα.

167 1490 188 1553 2
278 1478 392 1567 ἐπειδὴ
411 1479 450 1549 δέ
472 1479 561 1560 Ζεῦς
586 1479 732 1567 ἐγενήθη
748 1477 889 1566 τέλειος,
915 1478 1078 1567 λαμβάνει
1100 1484 1214 1567 Μητιν

197 1580 259 1668 τὴν
271 1580 436 1650 Ὠκεανοῦ
452 1581 634 1668 συνεργόν,
650 1577 673 1668 ἢ
681 1584 799 1650 δίδωσι
806 1577 931 1672 Κρόνῳ
941 1595 1116 1649 καταπιεῖν
1123 1581 1213 1669 φάρ-

197 1709 318 1770 μακον,
336 1680 397 1769 ὑφ’
418 1672 460 1750 ού
480 1685 608 1761 ἐκεῖνος
625 1679 853 1769 ἀναγκασθεὶς
871 1685 1007 1769 πρῶτον
1024 1681 1087 1769 μέν
1107 1684 1218 1770 ἐξεμεῖ

197 1785 258 1853 τὸν
276 1790 388 1870 λίδον,
413 1789 527 1852 ἔπειτα
542 1783 623 1862 τούς
648 1787 773 1864 παῖδας
797 1780 857 1864 οῦς
874 1783 1025 1853 κατέπιε·
1059 1778 1138 1871 μεθ’
1165 1775 1214 1852 ὧν

200 1884 288 1966 Ζεύς
305 1885 366 1954 τὸν
384 1882 469 1974 πρός
487 1884 625 1974 Κρόνον
642 1884 700 1953 καί
719 1887 860 1966 Τιτᾶνας
880 1885 1035 1972 ἐξήνεγκε
1053 1885 1212 1973 πόλεμον.

173 2007 186 2044 2
198 1989 397 2075 μαχομένων
427 1985 466 2054 δὲ
488 1985 605 2054 αύτῦν
632 1985 808 2066 ένιαυτοῦς
834 1986 932 2073 δέκα,
959 1985 979 2073 ἡ
1008 1989 1057 2073 ri]
1083 1991 1131 2076 τῷ
1156 1987 1214 2056 Διὶ

201 2093 318 2177 ἔχρησε
331 2088 393 2175 τὴν
410 2094 524 2175 νίκην,
539 2088 620 2167 τοῦς
630 2088 996 2176 καταταρταρωθέντας
1005 2085 1115 2175 άνέχη
1125 2107 1210 2175 συμ-

199 2189 341 2277 μάχους·
369 2186 387 2256 δ
402 2188 440 2258 δὲ
452 2189 515 2274 τὴν
529 2179 750 2279 φρουροῦσαν
759 2187 874 2257 αῦτάν
891 2189 932 2257 τά
952 2188 1057 2276 δεσμά
1067 2189 1214 2276 Κάμπην

173 2308 187 2347 3
200 2287 402 2370 ἀποκτείνας
416 2295 523 2359 ἔλυσε.
560 2291 617 2359 καὶ
631 2290 820 2370 Κύκλωπες
833 2290 909 2360 τότε
927 2291 984 2361 Διὶ
1001 2289 1065 2377 μέν
1083 2290 1215 2359 διδόασι

199 2389 350 2480 βροντὴν
362 2391 419 2459 καί
433 2390 612 2485 ἀστραπὴν
625 2393 683 2461 καί
701 2390 883 2479 κεραυνόν,
897 2389 1077 2462 Πλούτωνι
1095 2390 1132 2459 δὲ
1150 2418 1215 2460 κν-

173 2495 293 2581 4νίην,
314 2498 503 2563 Ποσειδῶνι
516 2492 554 2561 δέ
567 2500 737 2582 τρίαιναν·
774 2500 811 2562 οδ
826 2492 864 2562 δὲ
881 2491 1011 2571 τούτοις
1029 2490 1215 2560 ὁπλισθέν·

199 2621 254 2674 τες
267 2596 430 2680 κρατοῦσι
448 2593 611 2682 Τιτάνων,
634 2593 692 2663 καὶ
708 2596 946 2684 καθείρξαντες
964 2592 1092 2674 αύτούς
1113 2596 1149 2662 ε’ν
1167 2596 1214 2685 τῷ

204 2695 367 2787 Ταρτάρῳ
376 2694 457 2776 τοῦς
469 2693 701 2786 ἑκατόγχειρας
718 2698 898 2766 καθιστᾶσι
915 2694 1081 2783 φύλακας.
1118 2693 1216 2763 αὐτοὶ

199 2795 238 2865 δὲ
252 2799 515 2893 διακληροῦνται
533 2801 610 2886 περὶ
629 2799 689 2883 τῆς
707 2796 831 2888 ἀρχῆς,
857 2799 915 2865 καὶ
943 2797 1103 2885 λαγχάνει
1126 2797 1215 2877 Ζεύς

199 2897 262 2986 μὲν
286 2896 349 2986 τὴν
376 2901 414 2966 έν
439 2896 579 2989 οῦρανηῦ
606 2902 822 2982 δυναστείαν,
847 2901 1023 2966 Ποσειδῶν
1042 2895 1079 2965 δὲ
1096 2896 1158 2984 τὴν
1178 2899 1215 2966 έν

199 2999 376 3088 θαλάσση,
390 2999 559 3069 Πλούτων
573 2997 612 3066 δὲ
625 2997 687 3084 την
703 2995 866 3097 ένᾌδον.

165 3117 183 3166 2
278 3100 434 3187 ἐγένοντο
448 3097 487 3166 δὲ
508 3098 661 3169 Τιτάνων
679 3095 980 3184 ἔκγονοιΏκεανοῦ
993 3094 1056 3184 μέν
1069 3097 1125 3165 καὶ
1148 3107 1216 3186 Τη-

201 3196 289 3281 θύος
299 3199 490 3280 Ώιιεανίδες
505 3197 722 3288 [τρισχίλιαι],
741 3196 836 3268 Ἀσία
853 3198 946 3278 Στύξ
957 3194 1119 3289 Ἠλέκτρα
1135 3215 1216 3272 Δω-

202 3303 255 3389 ρὶς
271 3300 454 3391 Εὐρυνόμη
467 3299 663 3388 Ἀμφιτρίτη
682 3303 812 3389 Μῆτις,
832 3306 938 3370 Κοίου
957 3301 996 3371 δὲ
1013 3303 1070 3371 καὶ
1090 3306 1216 3390 Φοίβης

197 3402 351 3493 Ἀστερία
364 3402 422 3471 καὶ
437 3402 550 3490 Λητύ,
568 3401 760 3494 Ὑπερίονος
775 3402 813 3473 δὲ
826 3405 882 3472 καὶ
899 3412 1000 3484 Θείας
1010 3400 1216 3483 ἨοδςἭλιος

202 3504 355 3593 Σελήνη,
377 3508 486 3594 Κριοῦ
502 3504 610 3575 δὲκαὶ
628 3502 806 3597 Εύρνβίας
819 3507 878 3591 τῆς
897 3505 1033 3574 Πόντον
1044 3502 1216 3594 Ἀστραῖος
