2446 3944
117 192 158 256 28
446 201 828 251 -ιοιοε-

117 350 265 433 Κύζικον
279 354 472 430 πολυτελῶς
480 354 625 429 ἔθαψαν.
654 351 712 417 καὶ
726 350 808 437 μετὰ
822 346 886 436 τήν
899 346 1012 437 ταφήν
1027 344 1141 419 πλεύ-

118 473 238 530 σαντες
257 460 380 541 Μυσίηι
397 459 651 538 προσίσχουσιν.

69 569 101 621 19
196 555 346 621 ἐνταῦθα
370 550 408 619 δὲ
430 550 594 641 Ἡρακλέα
621 551 677 619 καὶ
703 549 916 639 Πολύφημον
945 549 1139 619 κατέλιπον.
1215 620 1219 625 ,

108 652 210 733 Ὕλας
228 653 292 739 γάρ
311 651 329 720 ό
347 651 595 740 Θειοδάμαντος
613 667 711 738 παῖς,
727 650 932 738 Ἡρακλέους
948 650 990 719 δὲ
1009 648 1147 738 ἐρῶμε-·

117 782 195 840 νος,
214 753 415 833 ἀποσταλεὶς
432 751 666 842 ὑδρεύσασθαι
686 753 741 821 διά
760 751 883 832 κάλλος
900 745 970 820 ύπό
988 752 1139 838 νυμφῶν
1155 769 1174 821 ο

92 854 263 945 νήρπάγη.
291 849 817 942 Πολύφημοςδὲάκούσαςαύτοῦ
825 852 1032 942 βοήσαντος,
1047 872 1138 921 σπα-

118 956 263 1044 σάμενος
280 951 319 1024 τό
338 957 435 1041 ξίφος
456 957 604 1043 ἐδίωξεν,
628 955 697 1024 ύπό
721 956 856 1045 λῃστῶν
877 952 1019 1039 άγεσθαι
1036 958 1139 1042 νομί-

118 1066 192 1141 ζων.
223 1058 280 1126 καὶ
294 1061 392 1143 δηλολ
406 1057 610 1144 συντυχόντι
618 1053 785 1146 Ἡρακλεῖ.
814 1055 1004 1142 ζητούντων
1019 1052 1057 1122 δὲ
1070 1051 1140 1143 άμ-

119 1159 273 1248 φοτέρωυ
290 1156 350 1226 τόν
359 1154 463 1226 Ὕλαν
481 1156 502 1243 ή
520 1161 606 1236 ναῦς
619 1155 769 1245 άνήχθη,
788 1157 845 1225 καὶ
854 1156 1062 1245 Πολύφημος
1074 1155 1140 1244 μὲν

120 1263 157 1329 ἐν
171 1266 294 1348 Μυσίᾳ
312 1264 428 1337 κτίσας
441 1257 542 1327 πόλιν
556 1267 646 1328 Κίου
667 1261 900 1346 ἐβασίλευσεν,
916 1256 1081 1346 Ἡρακλῆς
1100 1256 1140 1326 δὲ
1158 1273 1192 1330 1⁰

92 1360 329 1450 ³15m'6tpewev
347 1365 394 1439 είς
412 1356 544 1449 Ἀργος.
577 1357 769 1449 Ἡρόδωρος
787 1358 824 1428 δὲ
843 1356 951 1428 αύτόυ
970 1357 1052 1427 ούδδ
1073 1358 1140 1446 τήν

118 1458 227 1550 άρχήυ
237 1483 318 1549 φησι
328 1465 473 1530 πλεῦσαι
481 1460 568 1548 τότε,
581 1458 667 1530 άλλά
684 1458 766 1550 παρ’
778 1459 935 1549 Ὀμφάλη
951 1459 1139 1529 δουλεύειν.

121 1563 315 1653 Φερεκύδης
340 1561 378 1630 δὲ
401 1557 508 1631 αύτόυ
533 1564 571 1629 ἐν
585 1562 740 1651 Ἀφεταῖς
763 1567 822 1648 τῆς
842 1567 1031 1641 Θεσσαλίας
1051 1557 1139 1630 άπο-

119 1669 302 1751 λειφθῆναι
315 1663 416 1752 λέγει,
433 1667 492 1750 τῆς
502 1662 644 1753 Ἀργοῦς
658 1663 894 1751 φθεγξαμένης
906 1661 952 1750 μή
966 1661 1140 1730 δύνασθαι

93 1784 108 1822 4
121 1767 240 1855 φέρειν
257 1765 380 1834 τούτου
393 1762 431 1832 τό
447 1765 563 1852 βάρος.
593 1763 794 1854 Δημάρατος
809 1763 847 1833 δὲ
860 1759 969 1833 αύτόν
983 1767 1031 1842 είς
1045 1762 1138 1832 Κόλ-
1158 1778 1192 1831 15

118 1894 199 1955 χους
217 1864 429 1935 πεπλευκότα
447 1868 637 1954 παρέδωκε·
665 1866 848 1945 Διονύσιος
865 1862 1013 1954 μὲν··γάρ
1031 1861 1140 1933 αύτόν

119 1968 176 2036 καὶ
193 1965 343 2055 ἡγεμόνα
361 1968 445 2056 φησὶ
462 1972 532 2037 τῶν
547 1965 785 2059 Ἀργοναυτῶν
802 1965 971 2053 γενέσθαι.

69 2085 102 2136 20
198 2067 264 2136 άπό
289 2068 327 2137 δὲ
346 2074 486 2148 Μυσίας
510 2066 671 2156 άπήλθου
695 2075 744 2147 είς
767 2065 828 2155 τήν
851 2065 1037 2156 Βεβρύκων
1060 2069 1141 2153 γῆν,

119 2161 159 2256 ής
179 2171 373 2257 ἐβασίλευεν
382 2164 531 2253 ’Ἀμυκος
541 2172 754 2248 Ποσειδῶνος
773 2182 852 2247 παῖς
870 2170 927 2236 καὶ
941 2170 1140 2247 Βιθυνίδος.

119 2285 276 2357 γενναῖος
286 2269 324 2338 δὲ
335 2265 383 2337 ῶν
393 2259 435 2339 οὗ
440 2297 493 2351 τος
501 2270 582 2351 τούς
596 2269 966 2361 προσίσχονταςξέυους
975 2266 1140 2355 ήνάγκαζε
1157 2285 1194 2339 20

120 2371 302 2441 πυκτεύειν
318 2373 377 2439 καὶ
394 2375 517 2440 τούτου
530 2371 590 2441 τόν
603 2371 731 2461 τρόπον
745 2368 873 2459 άνήρει.
905 2368 1140 2457 παραγενόμε-

119 2500 178 2551 νος
197 2464 336 2541 οὖνκαὶ
354 2471 429 2541 τότε
448 2473 503 2541 ἐπὶ
521 2470 584 2558 τήν
597 2469 707 2561 Ἀργῶ
724 2470 785 2541 τόν
802 2469 939 2559 α”ριστον
957 2468 1073 2539 αύτῶν
1091 2476 1142 2551 είς

94 2573 259 2661 2πυγμήν
294 2581 526 2660 προυκαλεῖτο.
585 2574 803 2658 Πολυδεύκης
838 2571 876 2641 δὲ
906 2558 1142 2658 ύποσήόμευος

120 2670 322 2744 πυκτεύσειν
347 2672 432 2762 πρός
456 2673 574 2760 αύτόν,
598 2674 726 2762 πλήξας
744 2671 827 2742 κατά
846 2673 904 2741 τόν
923 2669 1052 2761 αύχένα
1069 2669 1139 2741 άπ-

121 2775 253 2844 έκτεινε.
294 2776 364 2842 τῶν
388 2773 426 2842 δὲ
450 2774 634 2863 Βεβρύκων
659 2773 881 2864 ὁρμησάντων
906 2771 991 2863 πρός
1021 2769 1138 2863 αὐτόν,
1157 2792 1192 2845 25

116 2873 330 2965 ἁρπάσαντες
355 2880 392 2944 οί
412 2873 559 2966 άριστεϊς
582 2875 622 2944 τά
651 2874 739 2945 ὅπλα
769 2873 917 2955 πολλούς
948 2873 1140 2962 φεύγοντας
1189 2931 1193 2939 .

119 2977 325 3067 φονεύουσιν
341 2974 465 3045 αὐτῶν.

69 3098 101 3148 21
198 3081 360 3148 ἐντεῦθεν
384 3071 592 3164 άναχθέυτες
616 3081 826 3147 καταντῶσιν
851 3084 900 3157 είς
923 3074 985 3164 τήν
1003 3075 1140 3166 Θράκης

121 3179 384 3268 Σαλμυδησσόν,
408 3185 495 3248 ἔνθα
515 3176 590 3272 ᾤκει
610 3176 734 3258 Φινεύς
752 3177 869 3266 μάντις
886 3176 946 3258 τάς
964 3175 1058 3261 όψεις
1076 3202 1139 3246 πε-

121 3281 328 3370 πηρωμένος.
363 3287 487 3350 τοῦτον
505 3288 540 3349 οἳ
554 3278 617 3367 μὲν
635 3278 696 3349 τόν
709 3277 890 3368 Ἀγήνορος
909 3277 997 3348 εἶναι
1014 3278 1138 3367 λέγου-
1156 3297 1191 3352 30

94 3401 187 3471 νσιν,
205 3387 240 3451 οἳ
251 3381 510 3461 δὲΠοσειδῶνος
523 3381 618 3451 υίόν·
654 3382 711 3451 καὶ
729 3384 933 3470 πηρωθῆναί
949 3398 1052 3466 φασιν
1070 3373 1136 3449 αύ-

120 3481 182 3552 τόν
200 3491 237 3552 οἳ
251 3482 315 3571 μὲν
332 3480 402 3551 ύπό
420 3487 524 3571 θεῶν,
544 3481 593 3552 ότι
611 3483 777 3573 προύλεγε
794 3496 865 3562 τοῖς
882 3479 1078 3571 ἀνθρώποις
1095 3478 1135 3548 τά
