2446 3944
104 191 124 256 8
427 160 788 252 -14135-

76 341 206 430 ὁούτος
221 349 399 439 ἐρχόμενος
413 357 461 430 είς
468 348 580 419 Πυθύ
589 347 689 437 Λητώ
698 349 895 437 θεωρήσας,
910 347 1010 441 πόθῳ
1019 377 1130 420 κατα·
1176 376 1181 386 ’

105 454 238 540 σχεθείς
258 454 451 520 ἐπισπᾶται·
487 447 565 538 ῆδὲ
583 450 664 531 τούς
683 455 809 531 παῖδας
829 454 1044 537 ἐπικαλεῖται,
1067 455 1129 522 καὶ

104 552 387 634 κατατοξεύουσιν
402 551 518 621 αύτόν.
545 551 717 635 κολάζεται
730 551 768 622 δέ
786 553 845 622 καὶ
859 552 941 640 μετά
954 553 1128 622 θάνατον·

105 658 220 743 γύπης
239 655 306 742 γάρ
325 651 433 723 αὐτοῦ
457 652 521 740 τῆν
538 659 685 743 καρδίαν
704 651 859 752 ἐν”ᾼδου
880 657 1067 723 ἐσθίουσιν.

72 775 89 826 2
185 753 357 824 ἀπέκτεινε
384 755 422 825 δὲ
443 751 619 824 Ἀπόλλων
649 756 706 824 καὶ
735 754 795 824 τὸν
818 752 992 842 Ὀλύμπου
1019 761 1162 828 παίδαο

106 858 291 947 Μαρσύαν.
318 848 420 936 οὗτος
434 855 499 945 γάρ
514 855 628 946 εύρδιν
638 853 837 937 αύλούςούς
852 861 988 945 ἔρριψεν
999 855 1128 946 Ἀθηνᾶ

107 957 163 1028 διά
180 958 218 1027 τό
236 957 300 1045 τῆν
315 950 398 1038 όψιν
415 956 520 1045 αὐτῆς
538 971 650 1026 ποιεῖν
667 956 835 1047 άμορφον,
859 949 965 1044 ῆλθεν
988 964 1036 1037 είς
1056 965 1128 1045 ἔριν

80 1061 186 1149 ιπερὶ
204 1065 366 1149 μουσικῆς
382 1057 580 1129 Ἀπόλλωνι.
617 1060 839 1147 συνθεμένων
862 1057 902 1127 δέ
926 1053 1044 1128 αὐτῶν
1069 1064 1129 1129 ἵνα

107 1160 126 1230 ό
142 1160 281 1248 νικήσας
295 1157 314 1228 δ
328 1159 487 1248 βούλεται
500 1165 605 1248 διαθῆ
619 1158 680 1228 τόν
693 1157 893 1248 ῆττημένον,
910 1165 970 1246 τῆς
984 1166 1128 1248 κρίσεως

107 1262 285 1350 γινομένης
303 1260 366 1350 τῆν
383 1261 532 1350 κιθάραν
550 1263 697 1350 στρέψας
710 1260 888 1348 ἠγωνίζετο
907 1259 1128 1351 δἈπόλλων,
1147 1277 1179 1331 10

107 1364 165 1432 καὶ
182 1362 286 1432 ταύτὰ
306 1364 590 1432 ποιείνέκέλευσε
607 1361 668 1431 τόν
688 1363 880 1452 Μαρσύαν·
904 1364 966 1431 τοῦ
981 1361 1020 1431 δδ
1038 1357 1129 1431 &dv-³

108 1472 294 1544 νατοῦντος
321 1456 475 1552 εὑρεθεὶς
500 1471 667 1553 κρείσσων
693 1462 712 1532 ὁ
738 1462 927 1549 Ἀπόλλων,
957 1463 1128 1554 κρεμάσας

106 1565 168 1634 τόν
178 1565 350 1652 Μαρσύαν
370 1572 407 1634 ἐκ
423 1591 514 1644 τινος
530 1563 740 1656 ὑπερτενοῦς
759 1570 895 1649 πίτυος,
916 1564 1069 1654 ἐκταμοδν
1086 1564 1125 1634 τό

108 1667 214 1754 δέρμα
231 1665 340 1746 οὕτως
359 1667 561 1754 διέφθειρεν.

74 1783 90 1836 3
181 1765 328 1857 Ὠρίωνα
353 1765 550 1856 δὲ”Αρτεμις
573 1761 769 1837 ἀπέκτεινεν
797 1771 834 1838 ἐν
853 1767 965 1862 Λῆληο.
1002 1771 1126 1838 τοῦτον
1147 1785 1179 1838 15

108 1875 234 1956 γηγενῆ
253 1868 411 1955 λέγουσιν
428 1867 646 1958 ὑπερμεγέθη
663 1867 701 1938 τό
728 1876 839 1959 σῶμα·
878 1869 1072 1959 Φερεκύδης
1091 1869 1129 1938 δὲ

110 1968 217 2040 αύτδν
236 1975 450 2051 Ποσειδῶνος
467 1972 525 2039 καὶ
544 1969 726 2058 Εὐρυάλης
745 1974 841 2058 λέγει.
880 1971 1071 2058 ἐδωρήσατο
1090 1969 1129 2039 δὲ

65 2071 67 2076 ”
83 2093 96 2132 2
110 2068 204 2163 αύτῷ
214 2076 389 2142 Ποσειδῶν
402 2076 591 2158 διαβαίνειν
602 2072 665 2157 τῆν
681 2072 871 2142 θάλασσαν.
908 2064 1007 2151 ούτος
1026 2076 1129 2159 ἔγημε

108 2172 171 2262 μὲν
187 2177 310 2260 Σίδην,
328 2168 371 2257 ῆν
389 2177 524 2261 ἔρριψεν
538 2169 705 2272 είς”ᾼδου
724 2176 802 2264 περὶ
815 2176 948 2263 μορφῆς
967 2174 1130 2261 ἐρίσασαν

98 2271 205 2364 Ἥρα·
241 2264 342 2354 αὖθις
360 2272 398 2343 δέ
417 2272 530 2343 ἐλθόν
544 2280 689 2352 είςΧίον
700 2275 866 2366 Μερόπην
880 2273 942 2361 τῆν
955 2279 1130 2365 Οίνοπίω-
1149 2292 1181 2345 20

109 2402 168 2456 νος
184 2373 440 2463 ἐμνηστεύσατο.
467 2375 622 2463 μεθύσας
636 2375 674 2444 δὲ
684 2382 860 2446 Οίνοπίων
878 2371 986 2443 αύτδν
1003 2376 1129 2463 κοιμω-

85 2497 215 2566 ομενον
233 2476 409 2564 ἐτύφλωσε
426 2476 483 2545 καὶ
501 2466 593 2565 παρά
611 2492 682 2557 τοῖς
700 2482 864 2564 αίγιαλοίς
882 2481 1028 2566 ἔρριψεν.
1058 2473 1130 2546 δδέ

112 2580 167 2647 ἐπὶ
185 2578 223 2646 τὸ
240 2585 400 2665 χαλκεῖον
415 2575 528 2648 έλθων
540 2578 598 2646 καὶ
610 2576 765 2667 ἁρπάσας
778 2582 885 2647 παῖδα
900 2579 972 2664 ἕνα,
993 2578 1130 2647 ἐπὶτῶν

112 2677 214 2767 ὤμων
228 2681 424 2768 ἐπιθέμενος
440 2681 595 2749 ἐκέλευσε
607 2685 769 2768 ποδηγεῖν
782 2677 868 2770 πρός
881 2677 942 2758 τάς
952 2676 1129 2760 άνατολάς.

112 2783 183 2850 ἐκεῖ
195 2780 233 2850 δὲ
246 2780 518 2870 παραγενόμενος
531 2778 719 2870 άνέβλεψεν
733 2781 862 2861 ἐκκαεὶς
874 2778 947 2850 ύπδ
960 2784 1020 2869 τῆς
1032 2779 1128 2868 ῆλια-
1147 2799 1181 2852 25

112 2886 173 2970 κῆς
191 2880 347 2969 άκτῑνος,
364 2883 421 2950 καί
440 2882 495 2951 διά
509 2882 638 2969 ταχέων
652 2882 707 2952 ἐπὶ
719 2879 781 2951 τδν
793 2890 992 2953 Οἰνοπίωνα
1007 2887 1131 2952 ἐσπευ-

77 3007 96 3056 4
112 2989 182 3054 δεν.
218 2982 304 3051 άλλά
322 2988 370 3075 τῷ
388 2980 453 3070 μὲν
471 2987 649 3053 Ποσειδῶν
665 2981 953 3072 ἡφαιστότευκτον
977 2981 1047 3053 ύπδ
1066 2989 1132 3072 γῆν

113 3083 359 3155 κατεσκεύασεν
383 3082 491 3172 οίκον,
512 3078 674 3174 Ὠρίωνος
697 3083 737 3152 δὲ
750 3081 837 3166 Ἠύς
864 3089 1045 3175 ἐρασθεῖσα
1068 3085 1133 3174 ῆρ-
1168 3130 1170 3134 ⁴

113 3207 200 3255 πασε
216 3186 273 3254 καὶ
291 3184 444 3274 ἐκόμισεν
459 3191 508 3266 είς
516 3191 649 3273 Δῆλον·
686 3188 791 3256 ἐποίει
803 3185 870 3277 γάρ
884 3184 992 3275 αύτῆν
1006 3180 1132 3276 Ἀφρο-

79 3309 97 3361 5
116 3292 192 3374 δίτη
210 3292 360 3373 συνεχως
376 3291 470 3377 ἐρᾶν,
485 3285 635 3378 ὄπ”Αρει
649 3288 879 3379 συνευνάσθη.
907 3286 979 3358 ὅδὲ
993 3287 1132 3376 Ὠρίων,
1149 3303 1181 3355 30

116 3386 161 3468 ιδς
174 3387 241 3476 μὲνΙ
251 3393 333 3457 ἔνιοι
346 3389 516 3477 λέγουσιν,
534 3384 687 3480 άνηρέθη
702 3390 868 3460 δισκεύειν
874 3388 1032 3479 ’Ἄρτεμιν
1046 3404 1132 3478 προ-

114 3490 341 3579 καλούμενος,
360 3490 405 3572 ὥς
424 3492 465 3561 δέ
474 3519 579 3579 τινες,
598 3490 789 3581 βιαζόμενος
799 3484 904 3562 Ὦπιν
916 3497 999 3579 μίαν
1012 3492 1082 3560 τῶν
1097 3492 1130 3571 ἐξ
