2446 3944
111 180 153 246 70
434 193 853 271 *ww-0

110 346 184 428 δας,
198 341 255 410 καλ
269 342 563 431 λαφυραγωγήσας
580 343 642 432 τήν
656 343 767 429 πόλιν,
785 332 869 430 ήγεν
882 340 992 431 Ἰόλην
1006 343 1132 431 αίχμά·

85 451 227 514 λλωτον.
259 444 316 513 καὶ
334 448 598 532 προσορμισθεὶς
614 453 754 536 Κηναίφ
771 449 831 531 τῆς
846 443 997 532 Εὐβοίας
1015 441 1133 534 ἀκρω-

107 552 216 639 ’τηρίςο
228 546 311 626 Διός
322 551 476 633 Κηναίου
486 545 604 635 βωμόν
614 546 787 635 ίδρύσατο.
802 546 935 634 μέλλων
944 544 982 614 δὲ
992 549 1132 636 ἱερουρ-

111 662 188 734 γεῖν
206 656 255 727 είς
279 656 429 738 Τραχῖνα
447 646 508 716 τδν
526 649 658 737 κήρυκα
677 654 805 737 έπεμψε
824 644 984 736 λαμπράν
1005 649 1135 735 ἐσθῆτα

87 758 258 818 δοίσοντα.
295 746 385 840 παρά
405 747 444 818 δὲ
461 749 585 821 τούτου
598 749 640 819 τά
656 752 733 841 περὶ
748 747 811 835 τήν
822 747 932 836 Ἰόλην
947 749 1135 838 Δηιάνειρα
1150 765 1166 818 5

112 851 311 938 πυθομένη,
337 849 393 920 καλ
420 856 560 922 δείσασα
584 852 629 941 μή
655 856 788 941 ἐκείνην
804 854 935 939 μᾶλλον
958 847 1135 940 ἀγαπήση,

111 958 280 1039 νομίσασα
303 969 379 1034 ταῖς
404 951 578 1039 ἀληθείαις
602 961 746 1044 φίλτρον
773 950 860 1022 εἶναι
883 951 921 1020 τὰ
947 950 1032 1040 ῥυὲν
1051 946 1135 1040 αἷμα

88 1055 266 1140 9Νέσσου,
285 1054 397 1146 τούτῳ
414 1053 476 1123 τὸν
493 1060 618 1142 χιτῶνα
633 1063 772 1145 ἔχρισεν.
804 1051 955 1134 ἐνδόςδὲ
965 1050 1134 1142 Ἡρακλῆς

113 1162 224 1224 ἔθυεν.
254 1151 300 1235 οἱς
311 1155 349 1225 δέ
358 1157 614 1243 θερμανθέντος
627 1163 690 1227 τοῦ
703 1160 843 1244 χιτῶνος
856 1153 874 1224 ὁ
889 1158 949 1242 τῆς
958 1152 1068 1243 ὕδρας
1084 1153 1134 1235 ἰός

112 1254 175 1325 τόν
192 1261 305 1346 χρῶτα
324 1262 437 1344 ἔσηπε,
456 1257 518 1325 τὸν
535 1257 598 1346 μὲν
611 1266 722 1347 Λίχαν
739 1260 808 1326 τῶν
827 1260 945 1325 ποδοῖν
962 1253 1133 1345 ἀράμενος
1152 1270 1177 1324 1ss

113 1357 364 1445 κατηκόντισεν,
382 1357 443 1426 τὸν
457 1358 495 1428 δὲ
513 1365 637 1447 χιτῶνα
651 1359 787 1429 ἀπέσπα
800 1357 1068 1445 προσπεφυκότα
1082 1363 1132 1449 τῷ

73 1478 98 1520 10
111 1458 253 1548 σάματι·
280 1465 549 1530 συναπεσπῶντο
563 1461 603 1530 δὲ
620 1465 658 1531 αί
670 1461 791 1551 σάρκες
805 1457 909 1550 αύτῷ.
936 1457 1078 1548 τοιαύτη
1095 1457 1133 1528 δὲ

111 1564 272 1652 συμφορᾷ
291 1562 510 1648 κατασχεθεὶς
528 1568 577 1643 είς
602 1572 752 1651 Τραχῖνα
770 1563 826 1631 ἐπὶ
849 1559 936 1640 νεῶς
954 1567 1131 1648 κομίζεται.

115 1662 298 1752 Δηιάνειρα
316 1662 355 1731 δὲ
373 1663 560 1753 αἰσθομένη
574 1663 612 1733 τό
631 1663 771 1751 γεγονός
790 1661 915 1749 ἑαυτήν
928 1657 1130 1750 ἀνήρτησεν.

74 1761 276 1853 11Ἡρακλής
294 1762 332 1833 δέ
351 1764 581 1853 ἐντειλάμενος
591 1763 720 1858 Ὕλλῳ,
743 1761 780 1844 δς
808 1767 844 1834 έκ
863 1769 1068 1851 Δηιανείρας
1087 1754 1131 1850 ήν
1151 1777 1177 1830 15

112 1863 207 1958 αύτῷ
226 1879 306 1947 παῖς
321 1866 559 1954 πρεσβύτερος,
578 1867 640 1956 τήν
654 1866 764 1954 Ἰόλην
778 1865 1003 1954 ἀνδρωθέντα
1017 1869 1133 1952 γήμαι,

112 1967 385 2057 παραγενόμενος
410 1973 459 2048 είς
473 1977 579 2056 Οίτην
605 1967 684 2055 ὅρος
709 1967 795 2057 (ἔστι
820 1966 859 2036 δὲ
882 1971 983 2034 τοῦτο
1008 1974 1133 2053 Τραχι-

111 2068 225 2158 νίων),
235 2071 307 2138 ἐκεί
318 2068 432 2157 πυράν
442 2071 584 2158 ποιήσας
596 2072 750 2140 ἐκέλευεν
760 2067 938 2157 ἐπιβάντος
947 2063 1130 2155 ὑφάπτειν.

111 2171 256 2259 μηδενὸς
283 2169 323 2238 δὲ
346 2173 447 2239 τοῦτο
471 2168 631 2260 πράττειν
650 2174 839 2259 ἐθέλοντος,
865 2177 974 2247 Ποίας
999 2168 1133 2257 παριάν

74 2290 99 2330 1²
111 2272 196 2341 κατά
213 2271 345 2361 ζήτησιν
359 2278 526 2361 ποιμνίων
543 2271 671 2362 ύφήψε.
698 2268 880 2364 τούτῳκαὶ
894 2270 935 2338 τά
949 2267 1031 2350 τόξα
1046 2273 1133 2339 έδω-
1152 2285 1177 2338 ν(

113 2372 421 2464 ρήσατοἩρακλής.
447 2376 626 2463 καιομένης
637 2374 675 2445 δέ
684 2380 743 2461 τής
758 2376 870 2462 πυράς
884 2372 1014 2457 λέγεται
1028 2372 1134 2459 νέφος

112 2474 269 2546 ύττοστάυ
287 2476 368 2564 μετά
391 2480 536 2565 βροντῆς
555 2475 662 2545 αὐτὸν
681 2483 731 2556 είς
749 2473 900 2557 ούρανδν
925 2470 1133 2560 ἀναπέμψαι.

114 2580 245 2647 ἐκεῖθεν
269 2578 309 2648 δὲ
326 2578 440 2665 τυχόν
464 2576 656 2660 ἀθανασίας
672 2578 731 2647 καλ
749 2577 943 2661 διαλλαγεὶς
957 2571 1050 2664 Ἥρᾳ
1072 2573 1134 2663 τήν

113 2683 243 2768 ἐκείνης
267 2679 443 2767 θυγατέρα
460 2677 571 2768 Ἥβην
595 2686 739 2769 ἔγημεν,
773 2680 806 2760 ἐξ
830 2669 870 2766 ής
894 2674 987 2767 αύτῷ
1012 2679 1135 2754 παίδες

63 2837 72 2854 .
111 2774 299 2869 Ἀλεξιάρης
317 2781 374 2849 καὶ
389 2780 560 2869 Ἀνίκητος
580 2781 745 2868 ἐγένοντο.
1152 2791 1177 2842 2ἓ

81 2900 98 2952 8
193 2873 280 2970 ήσαν
298 2881 336 2951 δὲ
354 2887 473 2962 παῖδες
491 2878 586 2975 αύτῷ
607 2886 643 2952 έκ
657 2883 721 2971 μὲν
733 2883 803 2950 τῶν
818 2887 969 2949 Θεσπίου
982 2879 1135 2964 θυγατέ-

117 3013 199 3072 ρων,
218 2983 411 3111 Πρόκριδος
428 2983 492 3073 μὲν
506 2983 685 3053 Ἀντιλέων
703 2983 760 3052 καὶ
775 2980 909 3062 Ἱππεύς
927 2977 964 3068 (ή
983 2988 1135 3069 πρεσβυ-

118 3087 200 3175 τάτη
218 3087 285 3176 γάρ
298 3084 464 3174 διδύμους
484 3085 669 3175 ἐγέννησε),
690 3083 854 3171 Πανόπης
868 3082 906 3151 δε
921 3088 1136 3171 Θρεψίππας,

94 3187 237 3275 2Λύσης
256 3183 352 3276 Εύμε
353 3193 508 3278 ί.δ.ης,
529 3187 703 3276 .Κρέων,
727 3185 914 3264 Ἐπιλάιδος
935 3181 1136 3270 Ἀστυάναξ,

117 3292 254 3377 Κέρθης
269 3289 426 3378 Δειόβης,
441 3286 581 3377 Εύρυβί
580 3316 618 3367 ας
629 3288 822 3374 Πολύλαος,
844 3290 1003 3409 Πατροῦς
1018 3282 1135 3371 Ἀρχέ-
1153 3295 1177 3348 3<

116 3418 231 3480 μαχος,
244 3398 395 3479 Μελίνης
405 3390 542 3477 Δαομέδ
545 3417 604 3477 ων,
614 3397 817 3477 Κλυτίππης
828 3385 1050 3475 Εὐρύκαπυς,
1061 3386 1134 3455 Εὖ·

90 3512 103 3552 ³
117 3492 268 3580 ρύπυλος
280 3490 455 3579 Εύβάτης,
466 3490 623 3581 Ἀγλαίης
630 3488 817 3579 Ἀντιάδης,
826 3485 1029 3575 Ὀνήσιππος
1040 3497 1136 3570 Χρυ-
