2446 3944
126 113 185 178 118
446 125 821 174 -3ιιεε-

124 299 194 358 ρων
212 271 379 360 κρατήσας
398 273 455 341 καί
473 271 534 359 τὴν
553 271 658 360 κόρην
677 276 735 359 τῆς
755 271 911 360 πρόμνης
933 274 1003 340 τῶν
1022 275 1144 342 ποδῶν

124 373 265 461 ἐκδήσας
283 367 495 463 ὑποβρύχιον
513 377 657 460 ἐποίησε.

97 496 110 535 ³
199 476 434 563 χρονιζομένου
453 473 491 542 δὲ
508 479 572 542 τοῦ
590 474 754 562 πολέμου,
776 474 822 562 μὴ
840 471 1031 561 δυνάμενος
1051 475 1143 545 ἑλεῖν

120 574 267 663 Ἀθήνας
286 574 415 662 εὔχεται
431 575 489 646 Διί
507 573 583 664 παρ’
601 574 793 663 Ἀθηναίων
807 581 925 662 λαβεῖν
941 579 1047 654 δίκας.
1081 603 1141 662 γε·

122 677 269 765 νομένον
284 676 322 746 δὲ
336 681 377 767 τῇ
393 676 488 747 πόλει
502 681 602 765 λιμοῦ
618 704 654 747 τε
668 678 724 745 καὶ
735 681 868 764 λοιμοῦ,
881 674 918 744 τὰ
929 675 992 765 μὲν
1003 683 1142 766 πρῶτον
1158 701 1173 748 5

123 777 209 847 κατά
234 778 350 864 λόγιον
364 777 538 866 Ἀθηναῖοι
563 776 708 846 παλαιόν
732 777 791 858 τάς
815 777 997 848 Ὑακίνθου
1023 776 1142 868 κόρας,

120 873 284 968 Ἀνθηίδα
303 884 473 968 Αἰγληίδα
492 886 647 950 Λουσίαν
662 877 837 968 Ὀρθαίαν,
862 881 917 949 ἐπὶ
936 879 997 948 τὸν
1015 889 1139 967 Γεραί-

95 1002 108 1041 4
124 999 205 1050 στου
224 984 284 1050 τοῦ
304 981 494 1062 Κάκλωπος
513 981 623 1068 τάφον
641 980 870 1067 κατέσφαξαν·
907 980 1038 1050 τοάτων
1065 981 1104 1050 δὲ
1124 981 1141 1050 ό

122 1083 233 1171 πατὴρ
243 1079 418 1163 ’Ῥάκινθος
429 1081 542 1152 ἐλθὼν
558 1085 594 1151 ἐκ
606 1085 859 1170 Λακεδαίμονος
870 1080 1015 1171 Ἀθήνας
1030 1083 1142 1174 κατῳ’-

123 1210 180 1253 κει.
209 1181 254 1262 άς
269 1182 308 1252 δὲ
322 1181 427 1252 οὐδὲν
437 1173 613 1270 όφελοςῆν
623 1182 761 1270 τούτου,
777 1186 924 1272 ἐχρῶντο
939 1185 1016 1272 περὶ
1025 1180 1141 1253 άπαλ-
1158 1203 1182 1254 lt

122 1286 236 1371 λαγῆς.
272 1283 291 1351 ὁ
311 1284 349 1355 δὲ
366 1283 448 1364 θεὸς
466 1281 607 1354 ἀνεῖπεν
625 1281 743 1364 αὐτοῖς
755 1290 872 1355 Μίνωι
890 1285 1021 1353 διδόναι
1040 1288 1141 1366 δίκας

94 1370 161 1466 δ’άς
179 1380 222 1454 άν
240 1383 343 1468 αὐτὸς
361 1390 504 1475 αἱρῆται.
539 1385 730 1474 πέμψαντες
748 1377 812 1455 οὖν
831 1384 915 1476 πρός
934 1393 1063 1456 Μίνωα
1079 1390 1143 1457 έπ-

123 1486 262 1575 έτρεπον
280 1493 387 1558 αἰτεῖν
404 1491 511 1567 δίκας.
542 1495 662 1567 Μίνως
675 1485 713 1556 δὲ
728 1487 903 1557 ἐκέλευσεν
923 1484 1042 1568 αὐτοῖς
1056 1489 1142 1559 κου’-

121 1615 203 1675 ρους
226 1588 308 1656 ἑπτά
327 1589 383 1657 καὶ
397 1586 500 1676 κόρας
514 1589 574 1669 τάς
591 1599 666 1669 λ’σας
681 1589 784 1678 χωρὶς
803 1586 918 1658 ὅπλων
932 1588 1076 1677 πέμπειν
1093 1593 1141 1681 τῷ

94 1690 339 1782 εΜινωταάρῳ
356 1689 475 1777 βοράν.
512 1681 554 1777 ἦν
571 1690 609 1760 δὲ
633 1679 732 1770 οὖτος
757 1692 794 1759 ἐν
812 1695 1024 1781 Λαβυρίνθῳ
1047 1703 1139 1760 καθ·
1161 1711 1182 1759 ιε

121 1790 305 1880 ειργμένος,
331 1793 368 1860 έν
392 1782 418 1884 ᾦ
443 1790 503 1860 τὸν
527 1789 726 1862 εἰσελθόντα
743 1789 916 1859 άδόνατον
934 1782 976 1877 ἦν
1003 1791 1140 1870 ἐξιέναι·

121 1891 344 1972 πολυπλόκοις
364 1890 430 1981 γάρ
444 1908 592 1979 καμπαῖς
607 1893 670 1980 τὴν
686 1889 922 1980 ἀγνοουμένην
938 1893 1055 1973 ἔξοδον
1071 1887 1141 1960 άπ-

122 1990 233 2061 έκλειε.
263 1992 497 2066 κατεσκευάκει
515 1992 553 2062 δὲ
571 1991 678 2063 αότδν
698 1997 868 2074 Δαίδαλος
887 1991 904 2061 ὁ
926 1989 1141 2080 Εὐπαλάμου

121 2107 200 2173 παῖς
215 2097 274 2162 τοῦ
290 2101 462 2183 Μητίονος
476 2093 532 2163 καὶ
542 2093 733 2183 Ἀλκίππης.
762 2084 861 2174 οὗτος
879 2084 921 2180 ἦν
936 2092 1141 2181 ἀρχιτέκτων

86 2213 104 2266 9
121 2191 254 2282 άριστος
269 2195 326 2264 καὶ
339 2199 471 2283 πρῶτος
484 2193 687 2284 ἀγαλμάτων
703 2194 849 2283 εὑρετής.
870 2187 970 2274 οὗτος
985 2195 1018 2276 ἐξ
1031 2191 1135 2284 Ἀθη·
1153 2214 1182 2265 2(

120 2298 192 2363 νῶν
206 2302 346 2383 ἔφυγεν,
365 2295 432 2365 άπδ
447 2303 506 2384 τῆς
521 2295 735 2385 ἀκροπόλεως
753 2293 869 2382 βαλών
882 2295 942 2364 τόν
958 2301 1018 2384 τῆς
1034 2290 1136 2365 άδελ-

121 2400 187 2483 φῆς
206 2400 370 2486 Πέρδικος
383 2398 463 2467 νίδν
483 2398 592 2482 Τάλω,
606 2396 762 2486 μαθητὴν
776 2394 870 2483 όντα,
888 2402 1004 2477 δείσας
1020 2395 1065 2486 μὴ
1081 2397 1135 2466 διά

120 2497 183 2585 τήν
198 2498 348 2586 εὐφυΐαν
365 2497 474 2567 αότδν
492 2496 685 2587 ὑπερβάλῃ·
705 2497 845 2582 σιαγόνα
863 2496 929 2587 γάρ
947 2495 1057 2585 όφεως
1076 2496 1132 2567 εό-

94 2596 191 2687 2ριδν
209 2598 312 2679 ξύλον
331 2599 454 2668 λεπτόν
474 2606 594 2688 ἔπρισε.
631 2600 852 2688 φωραθέντος
875 2597 913 2668 δέ
930 2604 992 2667 τοῦ
1010 2601 1134 2689 νεκροῦ

119 2701 250 2789 κριθεὶς
277 2704 313 2770 έν
332 2698 450 2793 Ἀρείῳ
476 2701 592 2793 πάγῳ,
617 2701 876 2781 καταδικασθεὶς
901 2699 985 2787 πρὸς
1012 2706 1139 2770 Μίνωα
1156 2722 1182 2770 25

122 2808 239 2890 ἔφυγε,
250 2801 348 2871 κάκεῖ
355 2800 535 2889 Πασιφάης
546 2806 745 2891 ἐρασθείσης
754 2803 814 2869 τοῦ
827 2806 1041 2881 Ποσειδῶνος
1051 2802 1137 2870 ταά·

120 2931 182 2992 ρου
197 2904 388 2992 συνήργησε
402 2902 643 2992 τεχνησάμενος
657 2905 799 2989 ξυλίνην
811 2906 911 2991 βοῦν,
925 2902 1053 2971 καὶτὸν
1066 2912 1138 2973 Λα-

120 3005 291 3094 βόρινθον
301 3004 559 3092 κατεσκεύασεν,
573 3011 621 3085 είς
636 3000 678 3072 δν
688 3001 772 3072 κατά
788 3010 859 3084 ἔτος
870 3001 1045 3090 Ἀθηναῖοι
1054 3004 1138 3073 κου’-

121 3133 203 3192 ρους
229 3105 310 3176 ἑπτά
338 3109 395 3176 καὶ
419 3106 521 3193 κόρας
545 3103 605 3186 τάς
630 3115 705 3184 ῖσας
729 3110 777 3197 τῷ
796 3103 1012 3197 Μινωταύρῳ
1030 3104 1140 3193 βοράν

121 3213 279 3296 ἔπεμπον.
1157 3219 1182 3272 3(

72 3318 111 3381 16
201 3308 333 3397 Θησεύς
348 3307 385 3378 δὲ
399 3309 575 3396 γεννηθείς
591 3309 623 3388 ἐξ
638 3317 773 3395 Αίθρας
784 3313 885 3391 Αίγεῖ
897 3321 989 3392 παῖς,
1004 3306 1049 3386 οἱς
1065 3310 1139 3392 ἐγε-

120 3410 210 3498 νήθη
239 3412 372 3498 τέλειος,
398 3408 618 3498 άπωσάμευος
642 3407 704 3497 τὴν
729 3409 855 3496 πέτραν
879 3407 920 3476 τά
945 3409 1064 3477 πέδιλα
1082 3409 1141 3476 καί
