2446 3944
97 160 140 223 24
330 173 767 263 --1912—

99 316 193 387 κύων
212 317 404 406 ἐφύλασσεν
422 316 528 400 αῦτάς
546 309 588 389 οῦ
603 317 682 389 ούτε
696 319 879 408 ἄνθρωπος
893 319 973 392 οῦτε
991 328 1119 413 θηρίον

71 442 85 482 2
98 420 201 499 πέλας
216 421 331 490 ἐλθεῖν
344 418 504 508 ἠδύνατο.
532 420 654 502 ταύτας
668 419 849 491 άδυνατιῦν
864 428 947 503 Βίας
964 421 1024 503 τάς
1033 422 1120 511 βόας

98 520 219 603 κλέψαι
235 519 414 609 παρεκάλει
437 519 496 590 τόν
520 519 671 611 ἀδελφὸν
696 523 933 610 συλλαβέσθαι.
969 525 1119 614 Μελάμ-

100 646 185 702 πους
204 622 242 691 δέ
260 621 435 710 ῦπέσχετο,
453 622 510 691 καὶ
528 637 689 713 προεῖπεν
706 621 757 692 ὅτι
774 624 1014 714 φωραθήσεται
1036 628 1126 695 κλέ-Ι

73 747 193 791 επτων
208 724 264 792 καὶ
283 724 396 802 δεθελς
411 721 566 792 ἐνιαυτδν
585 718 676 793 οῦτω
690 722 750 804 τάς
763 725 845 814 βόας
857 726 1005 813 λήψεται.
1033 726 1118 814 μετά
1138 758 1156 809 5

99 823 137 892 δέ
155 824 217 911 την
230 817 412 913 ὑπόσχεσιν
428 830 475 905 είς
487 824 650 913 Φυλάκην
665 822 777 914 άπῄει,
796 827 852 895 καὶ
866 825 1021 916 καθάπερ
1031 853 1120 917 προ-

101 939 183 1012 εῖπε,
202 926 376 1014 φωραθεὶς
396 926 451 994 ἐπὶ
468 932 512 1015 τῇ
529 932 640 1016 κλοπῇ
659 930 791 1015 δέσμιος
806 930 842 996 ἐν
856 927 1012 1016 οἰκήματι
1030 931 1119 1015 ἐφυ-

73 1026 243 1096 ιλάττετο.
278 1028 476 1115 λειπομένου
502 1026 540 1096 δέ
557 1034 618 1097 τοῦ
638 1030 795 1097 ἐνιαυτοῦ
819 1030 961 1119 βραχέος
978 1029 1121 1120 χρόνον,

99 1133 167 1196 τῦν
193 1126 277 1195 κατά
300 1128 337 1196 τὸ
361 1143 532 1216 κρυφαῖον
555 1134 615 1215 τῆς
641 1130 759 1217 στέγης
784 1129 968 1217 σκωλήκων
992 1129 1119 1220 άκούει,

99 1234 160 1297 τοῦ
179 1228 243 1316 μέν
262 1231 454 1318 ἐρωτῶντος
472 1227 579 1298 πόσον
597 1227 662 1317 ἤδη
680 1232 781 1321 μέρος
799 1236 861 1300 τοῦ
879 1236 984 1301 δοκοῦ
1002 1234 1119 1320 διαβέ-
1138 1257 1172 1310 10

99 1335 239 1419 βρωται,
259 1333 328 1398 τῶν
347 1329 386 1398 δὲ
404 1326 679 1418 ἀποκρινομένων
698 1331 816 1401 λοιπὸν
835 1332 1008 1419 ἐλάχιστον
1020 1332 1121 1405 εἶναι.

100 1431 156 1499 καὶ
176 1431 300 1519 ταχέως
319 1432 498 1500 ἐκέλευσεν
516 1429 623 1500 αύτδν
642 1439 690 1513 εἰς
709 1435 823 1521 ἕτερον
837 1443 960 1522 οίκημα
972 1461 1121 1522 μεταγα-

100 1546 192 1618 γεῖν,
217 1534 402 1620 γενομένου
428 1531 467 1600 δέ
491 1532 616 1602 τούτου
640 1530 705 1621 μετ’
727 1528 769 1602 ού
795 1535 882 1603 πολὺ
902 1537 1065 1605 συνέπεσε
1082 1536 1121 1605 τδ

76 1643 234 1755 εοίκημα.
252 1632 436 1720 θαυμάσας
450 1632 489 1701 δέ
504 1629 673 1720 Φύλακος,
687 1636 743 1702 καὶ
757 1633 913 1723 μαθων“
893 1662 946 1704 οτι
955 1635 1119 1724 ἐστιμάυ-

102 1760 149 1813 τις
168 1731 321 1823 άριστος,
339 1733 447 1814 λύσας
464 1732 693 1821 παρεκάλεσεν
711 1740 822 1804 είπειν
840 1734 931 1817 ὅπως
949 1735 1055 1809 αύτοῦ
1071 1744 1121 1831 τῷ
1141 1758 1174 1810 15

101 1835 196 1903 παιδὶ
218 1829 355 1928 Ἰφίκλῳ
376 1840 495 1914 παῖδες
512 1840 707 1922 γεννῶνται.
742 1833 861 1906 δδέ
841 1837 1004 1924 υπέσχετο
1023 1832 1072 1926 ἐφ’
1094 1867 1121 1930 φ

101 1933 160 2016 τάς
174 1934 262 2021 βόας
281 1934 430 2023 λήψεται.
457 1964 515 2005 και
504 1936 727 2016 καταθύσας
745 1937 893 2027 ταύρους
912 1938 975 2007 δύο
989 1942 1045 2008 καὶ
1060 1967 1122 2027 με-

76 2042 216 2116 ιλεΐσας
227 2089 237 2124 ,
262 2037 341 2117 τοῦς
360 2035 508 2116 οίωνοῦς
531 2040 816 2126 προσεκαλέσατο·
844 2040 1122 2130 παραγενομένου

103 2135 141 2205 δέ
167 2141 352 2224 αἰγυπιοῦ,
378 2137 470 2226 παρά
496 2136 619 2207 τούτου
638 2137 807 2226 μανθάνει
833 2138 874 2226 δὴ
892 2138 942 2208 ὅτι
962 2140 1123 2223 Φύλακός

101 2262 182 2306 ποτε
207 2237 325 2326 κριοῦς
349 2239 483 2325 τέμνων
510 2239 565 2307 ἐπὶ
583 2243 653 2308 νῦν
676 2237 793 2328 άγρῦν
811 2239 901 2328 παρά
920 2246 968 2333 τῷ
983 2239 1122 2334 Ἰφίκλῳ
1140 2262 1176 2314 20

7 2374 15 2389 ·
100 2337 163 2426 την
175 2338 342 2428 μάχαιραν
355 2337 555 2428 ᾑμαγμένην
569 2345 616 2408 ἐτι
629 2340 800 2428 κατέθετο,
819 2345 993 2423 δείσαντος
1007 2343 1045 2412 δέ
1058 2349 1123 2412 τοῦ

101 2439 222 2520 παιδὸς
235 2442 292 2509 καὶ
312 2440 487 2528 φυγόντος
501 2433 602 2520 αῦθις
615 2441 699 2508 κατὰ
714 2441 772 2527 τὴς
789 2447 880 2529 ίεράς
894 2442 999 2531 δρυδς
1013 2438 1122 2532 αῦτῆν

103 2541 222 2628 ἔπηξε,
248 2541 306 2609 καί
328 2538 458 2628 ταύτην
482 2535 738 2632 άμφιτροχάσας
764 2542 968 2626 ἐκάλυψενὸ
994 2544 1122 2633 φλοιός.

75 2662 87 2702 ⁷
103 2647 216 2727 έλεγεν
229 2633 305 2728 οῦν,
320 2640 518 2731 εὑρεθείσης
531 2647 589 2730 τῆς
598 2648 764 2731 μαχαίρας
779 2649 810 2712 εί
822 2643 910 2725 ξύων
919 2642 981 2714 τὸν
1000 2644 1055 2714 cdv
1066 2648 1123 2716 ἐπὶ

101 2742 226 2832 ημέρας
246 2737 350 2811 δέκα’
347 2751 480 2834 Ιφίκλφ
499 2747 549 2835 δφ
563 2759 664 2831 πιεῖν,
683 2748 789 2813 παῖδα
802 2744 987 2832 γεννήσειν.
1014 2752 1123 2815 ταῦτα
1141 2769 1176 2820 25

101 2841 223 2933 μαθων
249 2842 322 2931 παρ’
355 2848 519 2930 αἰγυπιοῦ
545 2844 757 2932 Μελάμπους
780 2873 843 2932 την
866 2846 929 2934 μὲν
955 2846 1124 2946 μάχαιραν

102 2937 204 3035 εῦρε,
230 2973 277 3036 τφ
305 2944 342 3013 δέ
365 2944 502 3038 Ἰφίκλφ
526 2944 587 3014 τδν
607 2943 661 3014 ίὸν
685 2945 789 3027 ξύσας
812 2945 911 3016 ἐπὶτ
892 2949 1017 3039 ημέρας
1042 2949 1124 3017 δέκα

76 3052 209 3116 δέδωκε
231 3060 340 3133 πιεῖν,
358 3046 415 3114 καὶ
434 3043 621 3139 παῖςαῦτφ
606 3046 820 3137 Ποδάρκης
840 3049 980 3135 ἐγένετο.
1007 3048 1067 3130 τάς
1086 3049 1124 3119 δε

102 3146 239 3236 βόαςί
207 3175 221 3216 ε
239 3176 255 3229 ς
271 3146 390 3218 Πύλον
403 3145 518 3234 ἤλασε,
539 3147 596 3216 καὶ
608 3173 655 3241 τφ
641 3144 858 3241 Ηάδελφηῦ
821 3174 884 3235 την
897 3150 1039 3234 Νηλέως
1052 3161 1122 3220 θυ-

102 3249 228 3339 γατέρα
247 3247 361 3336 λαβών
382 3252 496 3317 ἔδωκε.
523 3249 580 3316 καὶ
597 3248 692 3338 μέχρι
708 3250 772 3336 μέν
790 3277 880 3331 τινος
900 3253 936 3319 ἐν
954 3250 1121 3340 Μεσσήνη
1140 3269 1175 3323 30

102 3349 258 3443 κατῴκει,
278 3347 322 3430 άς
341 3349 379 3418 δέ
397 3349 456 3430 τὰς
475 3344 636 3439 ἐν”Αργει
654 3366 820 3436 γυναῖκας
840 3351 973 3440 ἐξέμηνε
991 3351 1121 3423 Διόνυ-
