2446 3944
96 189 140 253 44
428 199 792 248 -εινι-

71 369 85 410 ⁶
101 349 207 419 έθετο.
234 347 363 437 ταύτην
373 354 459 436 ἔχων
468 345 571 427 αύτδς
585 345 648 436 μέν
661 343 724 427 οὕς
737 343 861 434 ῆθελεν
875 351 1028 434 ἔβλεπεν,
1048 342 1120 416 ύπδ

99 449 212 520 ἀλλων
230 450 268 520 δὲ
286 448 349 539 ούχ
368 450 504 538 ἑωρᾶτο.
532 447 647 535 λαβών
660 446 699 518 δέ
712 447 769 517 καὶ
782 448 874 538 παρὰ
887 445 1011 536 Ἑρμοῦ
1028 444 1121 517 dea·

99 560 264 642 μαυτίνην
282 551 416 640 ἀρπην,
441 547 622 638 πετόμενος
641 556 691 630 είς
708 549 769 619 τδν
789 544 954 619 Ὠκεανόν
972 540 1032 638 ῆκε
1056 548 1121 618 παλ

75 656 262 741 ἵκατέλαβε
284 652 344 733 τός
373 650 545 740 Γοργόνας
576 652 793 740 κοιμωμένας.
833 640 921 737 ἦσαν
951 649 990 720 δὲ
1016 641 1121 721 αὗται

101 755 225 826 Σθεντδ
238 749 403 843 Εύρυάλη
413 753 589 823 Μέδουσα.
607 751 694 841 μόνη
708 751 746 821 δὲ
759 742 803 840 ῆν
814 748 923 840 θνητή
934 752 1119 822 Μέδουσα·
1137 767 1156 818 5

100 854 156 925 διά
179 860 280 925 τούτο
305 856 360 924 έπλ
385 850 447 942 τῆν
464 852 590 942 ταύτης
607 854 759 943 κεφαλήν
775 853 929 940 Περσεύς
947 853 1119 942 ἐπέμφθη.

100 956 194 1046 εἶχον
207 956 246 1027 δέ
259 962 299 1027 αί
306 955 473 1045 Γοργόνες
486 956 635 1046 κεφαλὰς
649 954 712 1042 μὲν
720 955 1039 1044 περιεσπειραμένας
1053 980 1122 1043 φο-

102 1065 170 1128 λίσι
183 1058 391 1148 δρακόντων,
405 1055 547 1138 ὀδόντας
560 1056 600 1125 δέ
612 1055 779 1144 μεγάλους
793 1053 839 1137 οδς
853 1061 960 1144 συῶν,
973 1055 1030 1125 καὶ
1045 1068 1121 1143 χεῖ-

102 1187 162 1249 ρας
176 1165 315 1248 χαλκᾶς,
328 1161 386 1228 καὶ
400 1159 568 1247 πτέρυγας
581 1163 725 1246 χρυσᾶς,
737 1155 776 1226 δι’
793 1149 843 1227 ὦν
852 1159 1018 1227 ἐπέτοντο.
1036 1157 1121 1236 τούς

76 1261 141 1331 ὃδὲ·
160 1259 295 1341 ἰδόντας
309 1267 431 1339 λίθους
446 1262 598 1330 ἐποίουν.
626 1259 761 1339 έπιστάς
775 1249 838 1328 οὖν
851 1252 973 1339 αύτατς
991 1251 1010 1328 δ
1025 1267 1119 1346 Περ·
1141 1269 1172 1325 10

102 1364 182 1443 σεύς
201 1361 441 1451 κοιμωμέναις,
465 1360 742 1448 κατευθυνούσης
759 1358 821 1447 τῆν
843 1375 940 1448 χεῖρα
957 1359 1120 1447 Ἀθηνᾶς,

102 1461 377 1552 ἀπεστραμμένος
394 1465 452 1532 καὶ
468 1463 606 1550 βλέπων
622 1469 671 1541 είς
689 1458 818 1531 ἀσπίδα
842 1463 989 1549 χαλκῆν,
1012 1457 1054 1530 δι’
1081 1451 1121 1548 ῆς

102 1563 166 1654 τήν
179 1564 296 1634 έίκόνα
309 1570 370 1649 τῆς
387 1564 555 1652 Γοργόνος
569 1568 721 1650 ἔβλεπεν,
741 1561 987 1651 ἐκαρατόμησεν
1000 1558 1121 1649 αύτήν.

80 1683 93 1722 ⁹
106 1663 357 1754 ἀποτμηθείσης
375 1663 414 1733 δὲ
426 1670 486 1753 τῆς
499 1670 660 1752 κεφαλῆς,
679 1665 717 1732 έκ
729 1668 788 1752 τῆς
802 1663 970 1752 Γοργόνος
985 1663 1124 1751 ἐξέθορε
1153 1688 1156 1695 ·

110 1766 270 1855 Πήγασος
287 1764 412 1854 πτηνὸς
430 1771 545 1853 ἵππος,
563 1766 620 1835 καὶ
637 1763 807 1855 Χρυσάωρ
824 1758 842 1834 ὁ
858 1765 1035 1856 Γηρυόνου
1054 1788 1123 1833 πα·
1144 1779 1171 1832 15

71 1885 88 1937 3
106 1869 184 1956 τήρ·
202 1867 345 1950 τούτους
363 1868 403 1937 δέ
421 1867 603 1954 ἐγέννησεν
622 1871 658 1936 έκ
677 1871 902 1950 Ποσειδῶνος.
937 1864 956 1936 δ
973 1865 1038 1955 μέν
1056 1855 1124 1936 οὖν

107 1968 259 2058 Περσεύς
284 1969 464 2057 ἐνθέμενος
488 1974 539 2048 εἰς
561 1967 623 2056 τήν
648 1975 773 2056 κίβισιν
801 1968 864 2057 τήν
887 1963 1039 2058 κεφαλήν
1060 1971 1123 2054 τῆς

106 2070 290 2158 Μεδούσης
308 2068 416 2139 ὀπίσω
434 2069 537 2148 πάλιν
555 2069 684 2157 έχόρει,
703 2073 741 2138 αἱ
756 2068 794 2138 δὲ
814 2069 982 2158 Γοργόνες
1000 2072 1038 2138 έκ
1055 2071 1117 2154 τῆς

105 2178 218 2260 κοίτης
231 2168 417 2240 ἀναστᾶσαι
429 2169 636 2259 τδυΠερσέα
654 2173 809 2258 ἐδίωκον,
821 2171 878 2239 καὶ
886 2174 1042 2241 συνιδείυ
1055 2168 1124 2238 αύ-

105 2271 167 2342 τδν
184 2267 249 2342 ούκ
267 2271 433 2341 ἐδύναντο
451 2270 578 2360 διάτῆν
590 2275 715 2360 κυνῆν·
735 2267 965 2361 ἀπεκρύπτετο
976 2271 1050 2360 -γόιρ
1063 2265 1123 2340 ἀπ’
1141 2283 1171 2336 2(

84 2370 226 2461 εαύτῆς.
254 2367 584 2462 παραγενόμενοςδὲ
603 2380 652 2453 είς
670 2378 871 2462 Αἰθιοπίαν,
888 2365 927 2462 ῆς
947 2376 1126 2461 ἐβασίλευε
1164 2426 1170 2433 -

106 2476 258 2562 Κηφεύς,
272 2465 352 2564 εὗρε
364 2474 426 2562 τῆν
439 2476 564 2544 τούτου
577 2475 751 2562 θυγατέρα
766 2471 996 2564 Ἀνδρομέδαν
1011 2499 1125 2562 παρα-

106 2575 264 2663 κειμένην
277 2575 385 2665 βοράν
398 2583 576 2669 θαλασσίῳ
589 2574 690 2662 κήτει.
718 2577 921 2647 Κασσιέπεια
931 2572 998 2665 γάρ
1013 2572 1033 2663 ή
1048 2583 1125 2662 Κη-

64 2680 79 2755 f
106 2677 197 2764 φέως
215 2674 304 2763 γυνῆ
324 2684 493 2768 Νηρηίσιν
517 2676 611 2766 ῆρισε
634 2679 713 2765 περὶ
736 2676 902 2765 κάλλους,
928 2677 985 2746 καὶ
1002 2681 1125 2747 πασῶν

107 2776 193 2849 εἶναι
211 2784 377 2866 κρείσσων
402 2777 567 2868 ηὔχησεν·
592 2776 677 2847 ὅθεν
702 2783 742 2849 αί
758 2782 927 2869 Νηρηίδες
947 2778 1123 2867 ἐμήνισαν,
1142 2790 1170 2841 εξ

105 2879 163 2948 καὶ
173 2882 352 2949 Ποσειδῶν
370 2875 493 2961 αύταῖς
511 2880 750 2967 συνοργισθεὶς
759 2876 941 2970 πλήμυράν
949 2907 985 2950 τε
996 2881 1052 2949 έπλ
1061 2878 1125 2966 τῆν

80 2979 221 3069 Βχόραν
239 2986 365 3069 έπεμψε
382 2981 439 3050 καὶ
457 2985 565 3068 κῆτος.
585 2978 767 3069 ’Ἄμμωνος
790 2981 828 3050 δέ
853 2980 1038 3071 χρήσαντος
1061 2977 1125 3068 τῆν

108 3079 309 3168 ἀπαλλαγήν
326 3087 386 3169 τῆς
404 3086 595 3171 συμφορᾶς,
615 3080 674 3151 ε’ἀν
693 3080 713 3168 ή
728 3089 953 3164 Κασσιεπείας
965 3082 1124 3171 θυγάτηρ

104 3177 313 3272 Ἀνδρομέδα
331 3188 484 3273 προτεθῇ
496 3189 545 3275 τῷ
558 3183 649 3272 κήτει
664 3183 762 3270 βορά,
781 3187 880 3253 τούτο
894 3182 1125 3270 ἀναγκασθεὶς

108 3281 127 3350 ὁ
141 3283 282 3372 Κηφεύς
291 3278 360 3354 ύπδ
373 3290 443 3354 τόν
452 3285 636 3356 Αίδιόπων
651 3286 785 3374 ἔπραξε,
798 3288 855 3355 καὶ
864 3287 1052 3374 προσέδησε
1060 3283 1124 3372 τῆν
1142 3292 1170 3345 3(

81 3385 282 3473 εθυγατέρα
308 3386 423 3477 πέτρη.
459 3385 586 3474 ταύτην
611 3385 821 3474 θεασόμενος
847 3381 865 3456 δ
890 3385 1043 3476 Περσεύς
1066 3385 1125 3455 καὶ

110 3486 268 3574 ἐρασθεὶς
282 3485 476 3577 ἀναιρήσειν
488 3484 654 3576 ὑπέσχετο
667 3497 782 3577 Κηφεῖ
788 3487 826 3558 τδ
841 3494 954 3579 κῆτος,
968 3494 1000 3559 εί
1010 3490 1125 3577 μέλλει
