2446 3944
152 108 195 176 90
478 115 841 169 -3675-

125 272 213 341 6νέα
225 284 402 358 γυναῖκας.
430 266 605 360 ὅθενἭρα
622 268 686 357 μὲν
699 268 807 340 αάτδν
825 269 1010 357 έτάφλοισε,
1031 269 1124 350 Ζεδς
1138 269 1179 340 δὲ

151 370 315 461 μαντικήν
333 370 427 464 αὐτῷ
444 365 622 462 έδακεν.*)
661 372 793 456 ἐγένετο
812 370 851 440 δὲ
864 370 922 440 καὶ
937 370 1176 460 πολυχρόνιος.

127 464 253 554 λοάτος
278 464 342 542 οὖν
361 479 520 562 Θηβαίοις
545 474 805 560 μαντευομένοις
828 471 902 542 εἷπε
924 471 1087 561 νικήσειν,
1114 472 1178 543 έάυ

152 572 344 654 Μενοικεάς
368 573 386 643 6
412 575 581 663 Κρέοντος
593 571 686 661 ’Ἀρει
710 573 856 661 σφάγιον
882 567 990 644 αάτδν
1021 576 1176 668 ἐπιδιδῷ.

150 681 250 744 τοῦτο
268 675 418 756 ἀκούσας
436 673 628 754 Μενοικεδς
646 671 663 742 6
683 677 854 762 Κρέοντος
874 675 998 745 ἑαυτὸν
1016 674 1085 765 πρδ
1103 679 1206 749 τῶνα

125 782 270 846 8πυλών
289 779 420 864 ἔσφαξε.
456 775 562 865 μάχης
581 773 620 844 δὲ
636 778 820 864 γενομένης
840 782 877 846 οί
892 781 1059 865 Καδμεῖοι
1076 780 1177 868 μέχρι

151 880 220 947 τάν
250 881 368 966 τειχῶν
398 876 693 965 συνεδιώχθησαν,
723 879 781 946 καὶ
806 879 991 958 Καπανεάς
1014 876 1176 968 ἀρπάσας

151 987 297 1068 κλίμακα
316 981 372 1049 ἐπὶ
389 979 430 1048 τά
448 985 540 1066 τείχη
558 978 604 1047 δι’
626 976 732 1066 αάτής
751 975 862 1068 ἀνήει,
880 981 937 1050 καί
956 978 1047 1060 Ζεάς
1065 978 1176 1050 αάτδυ

117 1093 321 1169 8κεραυνοϊ.
365 1079 490 1149 τούτου
515 1079 553 1148 δὲ
579 1080 766 1167 γενομένου
790 1078 898 1169 τροπή
922 1086 993 1150 τῶν
1011 1080 1175 1170 Ἀργείων

151 1187 287 1273 γίνεται.
316 1179 361 1261 ώς
376 1180 413 1250 δὲ
426 1179 630 1252 ἀπώλλυντο
645 1187 776 1269 πολλοί,
794 1181 899 1264 δόξαν
917 1181 1088 1270 ἑκατέροις
1101 1198 1175 1264 τοῖς
1191 1200 1217 1253 1⁰

153 1282 400 1371 στρατεύμασιν
415 1280 588 1371 Ἐτεοκλής
605 1282 663 1353 καὶ
673 1288 885 1371 Πολυνείκης
903 1285 982 1373 περὶ
996 1285 1057 1371 τής
1070 1291 1173 1372 βασι-

126 1401 139 1439 ²
152 1390 244 1465 λείας
261 1388 502 1473 μονομαχοῦσι,
520 1386 579 1461 καί
593 1391 785 1455 κτείνουσιν
799 1383 977 1471 ἀλλήλους.
1005 1391 1173 1475 καρτεράς

152 1485 189 1555 δὲ
207 1485 308 1555 πάλιν
326 1485 508 1573 γενομένης
524 1485 633 1574 μάχης
651 1489 687 1553 οί
699 1483 863 1556 Ἀστακοῦ
878 1491 997 1566 παῖδες
1010 1485 1173 1576 ήρίστευ·

152 1605 231 1656 σαν·
247 1584 408 1674 Ἴσμαρος
420 1585 484 1674 μὲν
496 1586 563 1677 γάρ
575 1587 815 1674 Ἱππομέδοντα
834 1583 1022 1675 ἀπέκτεινε,
1038 1588 1174 1676 Λεάδης

152 1688 190 1757 δὲ
205 1685 391 1776 Ἐτέοκλον,
406 1686 600 1776 Ἀμφίδικος
619 1688 657 1758 δέ
675 1697 951 1776 Παρθενοπαῖον.
980 1685 1026 1768 ώς
1043 1688 1084 1759 δὲ
1098 1687 1173 1760 6:6-
1191 1707 1217 1760 1ο

151 1795 398 1877 ριπίδηςφησί,
417 1799 684 1877 Παρθενοπαίου
702 1782 721 1858 6
741 1793 956 1869 Ποσειδῶνος
973 1804 1055 1870 παῖς
1066 1801 1173 1880 Περι-

151 1891 318 1979 κλώμενος
336 1888 518 1960 ἀπέκτεινε.
546 1894 770 1970 Μελάνιππος
783 1889 822 1960 δὲ
836 1889 854 1959 6
869 1891 985 1972 λοιπὸς
1001 1894 1072 1960 τών
1089 1898 1174 1961 παί-

125 1997 222 2061 3δοιν
246 1993 357 2062 Τυδέα
373 1991 553 2082 τιτρώσκει.
606 1991 789 2083 ἡμιθνῆτος
817 1992 855 2061 δὲ
880 1991 988 2062 αὐτοῦ
1013 1993 1172 2080 κειμένου

152 2090 244 2183 παρά
255 2093 340 2172 Διὸς
354 2093 561 2181 αἰτησαμένη
571 2090 699 2183 Ἀθηνᾶ
714 2084 894 2183 φάρμακον
910 2091 1044 2182 ήνεγκε,
1065 2091 1109 2162 δι’
1130 2085 1173 2163 οὗ

153 2210 262 2263 ποιεῖν
278 2199 415 2282 ἔμελλεν
428 2191 603 2264 ἀθάνατον
617 2194 735 2265 αὐτόν.
767 2192 972 2286 Ἀμφιάραος
990 2194 1029 2265 δέ
1046 2193 1173 2264 αι’σθό-
1190 2213 1217 2266 20

153 2322 252 2383 μενος
269 2301 382 2384 τοῦτο,
404 2301 512 2384 μισών
536 2298 647 2366 Τυδέα
665 2294 714 2366 ὅτι
732 2296 821 2386 παρά
841 2295 906 2383 τήν
924 2298 1057 2366 ἐκείνου
1076 2295 1174 2383 γνώ-

151 2425 218 2485 μην
235 2402 283 2477 είς
295 2398 408 2486 Θήβας
428 2403 536 2467 ἔπεισε
550 2399 630 2479 τούς
645 2396 817 2488 Ἀργείους
836 2397 1092 2487 στρατεύεσθαι,
1109 2395 1174 2486 τήν

111 2569 129 2599 ·
152 2504 381 2567 Μελανίππου
400 2499 553 2588 κεφαλήν
571 2497 749 2588 άποτεμών
768 2504 893 2569 ἔδωκεν
906 2495 1019 2591 αὐτῷ·
1051 2525 1173 2590 τιτρώ·

152 2596 315 2685 σκόμενος
334 2598 372 2668 δέ
396 2598 528 2681 Τυδεάς
548 2608 694 2672 ἔκτεινεν
721 2595 838 2670 αὐτόν.
875 2596 893 2668 6
912 2600 950 2669 δὲ
968 2599 1092 2669 διελών
1109 2597 1173 2669 τδν

154 2701 342 2787 ἐγκέφαλον
359 2701 592 2791 ἐξερρόφησεν.
613 2701 658 2784 ώς
672 2701 711 2771 δὲ
724 2700 815 2772 είδεν
824 2699 964 2789 Ἀθηνά,
977 2711 1172 2789 μυσαχθεί-
1190 2721 1217 2774 2ο

125 2818 139 2856 4
153 2821 195 2870 σα
204 2799 266 2889 τήν
284 2799 481 2890 εὐεργεσίαν
496 2803 613 2891 ἐπέσχε
626 2831 662 2874 τε
675 2803 733 2872 καὶ
748 2803 949 2892 ἐφθόνησεν.
973 2801 1173 2896 Ἀμφιαράῳ

153 2902 191 2971 δὲ
209 2903 372 2990 φεύγοντι
388 2902 481 2995 παρά
504 2906 656 2993 ποταμὸν
677 2901 845 2992 Ἰσμηνόν,
869 2906 952 2995 πρὶν
975 2902 1046 2973 ἀπὸ
1066 2915 1173 2994 Περι-

152 3004 324 3092 κλυμένου
349 3005 391 3073 τά
414 3011 508 3075 νώτα
525 3009 662 3097 τρωθή,
681 3005 769 3086 Ζεδς
787 3004 957 3096 κεραυνδν
974 3003 1092 3093 βαλών
1109 3005 1173 3093 τήν

220 3271 247 3336 *)
266 3263 298 3322 τὰ
316 3264 374 3324 ἀπὸ
395 3270 545 3338 Τειρεσίου
565 3266 673 3339 λεχθὲν
690 3265 760 3338 πρὸς
780 3270 838 3324 Δία
856 3258 1017 3337 καλἭραν.

304 3353 370 3421 οίην
387 3349 440 3420 μὲν
458 3354 562 3423 μοίρην
581 3354 654 3409 δέκα
673 3353 781 3421 μοιρῶν
799 3348 934 3420 τέρπεται
952 3346 1040 3420 ἀνήρ,

305 3430 357 3499 τοὶς
376 3435 409 3492 δὲ
429 3431 493 3492 δέκ’
511 3432 689 3506 έμπίμπλησι
707 3430 780 3506 γυνή
800 3433 943 3506 τέρπουσα
961 3432 1065 3504 νόημα.
