2446 3944
127 179 171 244 30
459 189 837 239 -ιοεεε-

129 339 282 426 μεγέθεις
297 331 406 424 αῦται,
422 335 691 426 συγκρουόμεναι
700 336 738 405 δὲ
751 333 907 423 ἀλλήλαις
921 334 990 406 ύπδ
1005 337 1065 423 τῆς
1079 338 1152 407 τῶν

130 438 333 526 πνευμάτων
357 445 435 526 βίας
458 437 519 507 τόν
545 436 600 506 διά
623 435 798 523 θαλάσσης
823 437 931 525 πόρον
957 434 1149 507 ἀπέκλειον.

131 543 267 628 ἐφέρετο
281 540 320 608 δὲ
339 538 444 625 πολλὴ
458 538 522 627 μέν
535 538 625 624 ῦπὲρ
639 537 755 607 αύτῦν
769 532 890 626 ὁμίχλη
905 538 1012 619 πολύς
1026 538 1065 608 δὲ
1078 539 1149 608 πά-

129 669 246 727 ταγος,
265 632 307 728 ἦν
322 641 361 709 δέ
374 639 545 710 ἀδύνατον
559 642 702 718 καὶτοῖς
716 653 880 719 πετεινοῖς
894 636 940 709 δι’
957 635 1077 735 αύτοῐυ
1092 642 1150 709 ἐλ-

104 753 220 812 3θεῖν.
256 740 350 811 εἶπεν
368 733 434 810 οῦν
452 737 570 821 αῦτοῖς
587 736 726 827 ἀφεῖναι
744 740 903 809 πελειάδα
922 738 979 810 διά
998 747 1068 809 τῦν
1086 761 1186 812 ste-5

130 849 233 931 τρῦν,
256 845 312 912 καὶ
337 843 466 930 ταύτην
491 844 550 911 ἐάν
575 841 638 930 μέν
664 848 759 912 λ’δωσι
782 852 966 928 σωθεῖσαν,
992 847 1151 911 διαπλεῖν

132 949 450 1033 καταφρονοῦντας,
475 942 534 1012 έάν
552 943 590 1012 δέ
608 942 835 1031 ἀπολομένην,
857 943 902 1030 μη
921 952 1022 1012 πλεῖν
1038 942 1150 1031 βιάζε-

104 1064 118 1103 4
131 1055 221 1115 σθαι.
249 1051 355 1114 ταῦτα
363 1040 530 1132 ἀνήγοντο
538 1044 763 1129 ἀκούσαντες,
778 1045 834 1113 καὶ
849 1041 895 1125 ὡς
908 1051 1052 1133 πλησίον
1061 1035 1151 1131 ἦσαν

131 1153 200 1216 τῦν
218 1153 362 1233 πετρῶν,
380 1144 521 1232 ἀφιᾶσιν
540 1150 651 1231 ἕκτης
669 1147 806 1236 πρφόρας
825 1146 997 1214 πελειάδα·
1033 1151 1093 1233 τῆς
1112 1145 1152 1215 δὲ

134 1249 314 1335 ἱπταμένης
330 1246 372 1315 τά
391 1245 478 1336 ἀκρα
496 1253 555 1333 τῆς
568 1244 675 1332 ούρᾶς
688 1244 710 1333 ἡ
725 1247 918 1334 σύμπτωσις
932 1253 1001 1315 τῶν
1015 1249 1151 1336 πετρῦν
1169 1266 1202 1319 10

105 1347 342 1438 ὁάπεθέρισεν.
379 1343 622 1438 ἀναχωρούσας
647 1340 711 1417 οῦν
732 1346 991 1436 ἐπιτηρήσαντες
1009 1347 1068 1427 τὰς
1086 1349 1149 1417 πέ-

130 1478 210 1537 τρας
228 1447 300 1538 μετ’
321 1456 466 1540 εἰρεσίας
482 1448 634 1536 έντόνου,
653 1445 1035 1539 συλλαβομένηςἬρας,
1053 1451 1150 1536 διῇλ-
1201 1466 1204 1471 ’

130 1563 209 1639 θον,
233 1550 273 1619 τά
298 1550 476 1640 ἀκρατῶν
500 1550 684 1636 ἀφλάστων
707 1556 766 1636 τῆς
791 1551 873 1638 νηός
904 1557 1149 1638 περικοπείσης.

132 1658 171 1721 αι’
185 1652 248 1737 μὲν
262 1643 326 1720 οῦν
342 1652 582 1740 συμπληγάδες
598 1658 711 1720 ἔκτοτε
726 1657 884 1739 ἔστησαν·
904 1651 1014 1740 χρεών
1027 1650 1094 1741 γάρ
1108 1643 1151 1740 ἦν

79 1767 114 1818 03
132 1752 251 1832 αὐταῖς
265 1752 347 1841 νηός
361 1760 605 1840 περαιωθείσης
619 1755 737 1839 στῆναι
751 1755 937 1833 παντελῶς·
969 1757 1005 1822 ολ
1021 1753 1060 1821 δὲ
1070 1751 1150 1840 Ἀρ-
1168 1772 1204 1825 15

131 1858 295 1940 γοναῦται
317 1855 402 1944 πρὸς
420 1853 691 1942 Μαριανδυνοὺς
713 1854 952 1943 παρεγένοντο,
976 1852 1076 1923 κάκεῖ
1091 1882 1148 1943 φι-

133 1956 309 2042 λοφρόνως
327 1956 345 2024 ὁ
364 1954 522 2042 βασιλεῦς
540 1953 724 2037 ἀπεδέξατο
744 1953 866 2035 Λύκος.
903 1961 990 2024 ἔνθα
1008 1954 1152 2042 θνήσκει

132 2056 194 2143 μὲν
202 2055 331 2145 Ἴδμων
348 2054 366 2125 ό
385 2054 503 2144 μάντις
520 2056 706 2142 πλήξαντος
724 2050 831 2124 αῦτόν
844 2055 991 2146 κάπρου,
1008 2054 1153 2143 θνήσκει

133 2157 170 2226 δὲ
188 2159 254 2224 καῖ’
268 2167 396 2244 Τῖφυς,
420 2158 477 2225 καὶ
504 2155 566 2243 την
582 2160 670 2226 ναῦν
684 2153 838 2243 ’Λγκαῖος
856 2155 1069 2246 ὑπισχνεῖται
1085 2184 1152 2226 κυ-

132 2261 269 2347 βερνᾶν.
1168 2279 1207 2332 το

107 2379 120 2418 ²
209 2359 508 2448 παραπλεύσαντες
526 2358 564 2427 δέ
579 2360 804 2446 Θερμώδοντα
822 2360 878 2428 καὶ
893 2358 1078 2428 Καύκασον
1096 2361 1152 2428 ἐπὶ

134 2464 243 2530 Φᾶσιν
261 2460 412 2548 ποταμόν
428 2452 554 2547 ἦλθον·
590 2449 689 2540 οὗτος
714 2465 772 2547 τῆς
792 2465 956 2546 Κολχικῆς
983 2460 1053 2530 ἐστὶ
1078 2466 1151 2547 γῆς.

131 2568 417 2649 καθορμισθείσης
443 2562 482 2630 δὲ
506 2567 564 2649 της
588 2559 669 2647 νηός
692 2552 753 2649 ἧκε
770 2562 855 2650 πρὸς
874 2563 1005 2648 Αίητην
1018 2560 1151 2650 Ἰάσων,

100 2703 103 2710 -
132 2667 189 2731 καί
207 2661 248 2729 τά
268 2665 465 2747 ἐπιταγέντα
482 2661 552 2731 ὑπὸ
564 2669 692 2732 Πελίου
707 2664 816 2749 λέγων
829 2662 1011 2749 παρεκάλει
1028 2666 1152 2730 δοῦναι

108 2781 120 2820 3
134 2762 171 2831 τό
191 2765 291 2851 δέρας
304 2762 413 2854 αύτῷ·
442 2761 461 2831 δ
476 2763 514 2832 δέ
528 2762 651 2832 δύσειν
663 2761 840 2852 ἀπέσχετο,
856 2763 916 2833 έάν
929 2764 1010 2843 τοῦς
1023 2762 1151 2850 χαλκό-
1168 2784 1203 2835 20

134 2869 241 2944 ποδας
258 2864 405 2952 ταύρους
423 2865 527 2952 μόνος
545 2864 736 2953 καταζεύξῃ.
772 2858 859 2952 ἦσαν
883 2864 921 2932 δὲ
939 2863 1048 2953 άγριοι
1067 2864 1148 2951 παρ’

134 2963 226 3058 αύτῷ
250 2957 344 3034 οῦτοι
367 2971 485 3053 ταῦροι
508 2966 590 3051 δύο,
616 2967 753 3053 μεγέθει
777 2967 1010 3054 διαφέροντες,
1038 2970 1152 3055 δωρον

129 3065 327 3154 Ἡφαίστου,
346 3074 382 3136 οἳ
392 3070 537 3152 χαλκοῦς
550 3067 612 3155 μὲν
627 3065 719 3154 εἶχον
732 3066 858 3155 πόδας,
877 3070 947 3155 πῦρ
961 3066 1000 3135 δέ
1017 3069 1054 3135 ἐκ
1072 3091 1152 3135 στο-

107 3169 248 3253 ῖμάτων
268 3168 415 3256 ἐφύσων.
445 3168 587 3249 τούτους
605 3167 697 3258 αύτῷ
713 3168 863 3250 ζεύξαντι
876 3169 1037 3237 ἐπέτασσε
1052 3174 1151 3236 σπεί-
1203 3176 1206 3181 ’

135 3296 205 3353 ρειν
223 3270 406 3357 δράκοντος
424 3267 581 3349 ὀδόντας·
614 3266 682 3357 εἶχε
694 3269 760 3358 γάρ
775 3269 890 3356 λαβών
908 3268 987 3357 παρ’
1003 3267 1150 3355 Ἀθηνάς
1169 3286 1204 3338 30

133 3368 214 3449 τούς
232 3365 362 3458 ἡμίσεις
380 3364 430 3440 οἷν
438 3369 578 3460 Κάδμος
597 3376 750 3461 ἔσπειρεν
764 3373 801 3439 ἐν
811 3369 947 3457 Θήβαις.
976 3370 1151 3458 ἀποροῦν-

133 3498 189 3550 τος
207 3471 245 3540 δδ
262 3477 323 3540 τοῦ
336 3471 484 3553 Ἰάσονος
498 3478 569 3552 ποῦς
583 3469 627 3540 ἀν
642 3472 780 3541 δύναιτο
794 3472 873 3551 τοῦς
887 3471 1034 3558 ταύρους
1047 3498 1151 3539 κατα-
