2446 3944
185 105 227 168 84
512 113 870 164 -3558—

185 267 254 332 τῶν
273 267 409 351 δεσμῶν
426 260 625 350 αὐτομάτως
649 261 839 358 λυθέντων,
862 254 945 349 ήκεν
970 264 1026 332 έπλ
1050 259 1113 350 τήν
1138 268 1208 333 τάν

158 383 171 423 ⁹
187 369 320 434 παίδων
339 363 496 452 ἔπαυλιν,
514 367 677 451 δεχθῆναι
693 362 779 454 πρός
798 361 913 433 αὐτῶν
930 364 1093 433 θέλουσα.
1122 371 1159 434 οἳ
1170 364 1210 434 δὲ

184 465 497 556 ἀναγνωρισάμενοι
514 462 575 553 τήν
592 463 730 554 μητέρα,
747 462 810 535 τόν
821 464 1012 553 μδνΛύκον
1024 471 1209 553 κτείνουσι,

187 568 250 656 τήν
268 567 306 636 δὲ
325 574 460 658 Δίρκην
479 565 641 654 δήσαντες
661 570 698 636 ἐκ
714 566 844 657 ταῦρον
865 570 1045 638 θανοῦσαν
1063 570 1205 657 ῥίπτον-

187 690 241 739 σιν
268 677 316 749 είς
340 669 471 758 κρήνην
494 667 556 757 τήν
581 665 643 737 ἀπ’
672 672 801 756 ἐκείνης
825 669 1040 758 καλουμένην
1063 677 1210 760 Δίρκην.

151 787 176 826 1⁰
190 769 443 859 παραλαβόντες
462 769 500 840 δέ
517 767 579 858 τήν
598 774 803 840 δυναστείαν
820 770 882 858 τήν
897 769 960 860 μὲν
974 771 1075 840 πόλιν
1089 773 1210 860 ἐτείχι-

191 891 267 960 σαν,
287 872 638 960 ἐπακολουθησάντων
650 874 693 960 τή
704 870 887 960 Ἀμφίονος
899 873 989 963 λύρηι
1001 877 1072 948 τόν
1085 881 1212 963 λίθων,

188 972 294 1044 Λάιον
321 972 360 1042 δὲ
385 973 552 1061 ἐξέβαλον.
598 969 617 1041 δ
642 973 681 1043 δδ
705 975 742 1042 έν
767 972 1020 1065 Πελοποννήσῳ
1046 979 1213 1044 διατελεῖν

189 1076 396 1157 ἐπιξενοῦται
413 1076 554 1163 Πέλοπι,
581 1076 641 1142 καλ
657 1074 780 1144 τούτου
799 1080 906 1144 παῖδα
926 1075 1129 1164 Χρύσιππον
1147 1075 1210 1165 ἆρ-

188 1181 413 1264 ματοδρομεῑν
432 1175 602 1245 διδάσκων
621 1176 778 1264 ἐρασθεὶς
795 1174 986 1266 άναρπάζει.
1059 1180 1065 1192 ’

151 1290 169 1343 6
264 1291 366 1365 γαμεῖ
381 1276 420 1346 δὲ
439 1282 553 1365 Ζῆθος
570 1275 634 1365 μέν
653 1273 782 1366 Θήβην,
800 1274 864 1366 ὐφ’
883 1271 923 1366 ής
941 1276 962 1367 ἡ
979 1277 1076 1359 πόλις
1086 1282 1210 1367 Θῆβαι,

186 1377 341 1468 Ἀμφίων
356 1378 393 1449 δὲ
405 1378 537 1469 Νιόβην
557 1377 619 1466 τήν
639 1378 826 1467 Ταντάλου,
844 1375 865 1466 ή
883 1385 989 1471 γεννᾷ
1003 1385 1129 1460 παῖδας
1146 1380 1212 1469 μὲν

187 1480 283 1570 ἑπτά,
297 1487 456 1551 Σίπυλον
472 1479 672 1552 Εὐπίνυτον
684 1478 840 1569 Ἰσμηνόν
847 1490 1099 1570 Δαμασίχθονα
1107 1480 1211 1569 Ἀγή-

186 1608 271 1667 νορα
302 1587 469 1670 Φαίδιμον
507 1581 694 1670 Τάνταλον,
728 1585 921 1672 θυγατέρας
957 1582 996 1652 δὲ
1026 1579 1087 1664 τάς
1120 1593 1211 1671 ίσας,

183 1683 366 1754 Ἐθοδαΐαν
389 1679 426 1772 (ἢ
450 1681 495 1765 δίς
518 1710 605 1763 τινες
624 1682 791 1774 Νέαιραν)
808 1683 1009 1773 ΙΚλεοδόξην
1023 1682 1209 1773 Ἀστυόχην

162 1792 306 1856 2Φθίαν
319 1793 495 1857 Πελοπίαν
513 1779 773 1877 Ἀστυκράτειαν
788 1781 962 1872 Ὠγυγίαν.
998 1784 1153 1867 Ἡσίοδος
1172 1786 1210 1857 δὲ

190 1888 272 1956 δέκα
289 1885 352 1975 μέν
376 1887 477 1967 νίούς
502 1888 584 1956 δέκα
602 1887 640 1957 δὲ
657 1888 861 1976 θυγατέρας,
876 1887 1067 1976 Ἡρόδωρος
1085 1888 1123 1957 δέ
1145 1888 1210 1956 δύο

188 1988 251 2076 μὲν
269 1985 413 2079 άρρενας
430 2003 521 2079 τρεῖς
539 1988 577 2058 δὲ
590 1996 742 2076 θηλείας,
753 1987 899 2078 Ὅμηρος
917 1988 956 2058 δέ
974 1993 1009 2072 ἓξ
1028 1988 1091 2076 μὲν
1109 1988 1211 2069 υίοῦς

190 2092 223 2171 ’ἐξ
242 2088 280 2158 δὲ
297 2091 489 2178 θυγατέρας
507 2090 591 2179 φησὶ
602 2091 769 2177 γενέσθαι.
797 2085 953 2171 εῦτεκνος
969 2090 1007 2160 δδ
1021 2081 1108 2160 οῦσα
1122 2090 1211 2161 Νιό-

163 2199 234 2280 3βη
252 2194 310 2280 τῆς
328 2197 463 2280 Λητοῦς
481 2190 699 2279 εὐτεκνοτέρα
717 2190 811 2261 εἶπεν
834 2191 1015 2280 ὐπάρχειν·
1052 2191 1153 2280 Λητά
1172 2191 1210 2260 δὲ

193 2291 456 2381 ἀγανακτήσασα
472 2294 535 2381 τήν
551 2291 753 2385 ιε’Ἀρτεμιν
769 2295 826 2362 καί
843 2291 904 2361 τόν
918 2292 1116 2363 Ἀπόλλωνα
1134 2290 1209 2363 κατ’

190 2393 308 2464 αὐτῶν
325 2395 519 2486 παροίξννε,
544 2397 602 2465 καὶ
624 2392 684 2474 τάς
709 2393 772 2482 μὲν
794 2399 934 2482 θηλείας
952 2397 1007 2464 ἐπὶ
1025 2397 1084 2482 τής
1102 2400 1212 2474 οἰκίας

190 2497 431 2579 κατετόξευσεν
442 2496 613 2586 Ἀρτεμις,
638 2494 719 2576 τοῦς
745 2494 783 2566 δὲ
801 2494 946 2586 άρρενας
963 2500 1060 2584 κοινή
1081 2495 1213 2576 πάντας

163 2611 178 2650 4
192 2595 602 2686 ἐνΚιθαιρῶνιἈπόλλων
615 2599 886 2686 κυνηγετοῦντας
899 2597 1104 2666 ἀπέκτεινεν.
1125 2597 1212 2666 ἐσά-

189 2709 237 2788 θη
256 2698 294 2768 δὲ
307 2702 376 2767 τῶν
390 2699 453 2787 μὲν
467 2699 623 2790 άρρίνων
638 2694 802 2788 Ἀμφίων,
819 2701 888 2768 νῦν
901 2698 940 2768 δὲ
953 2704 1100 2787 θηλειῶν
1111 2704 1212 2769 Χλῶ-

191 2829 241 2889 ρις
259 2799 280 2888 ή
300 2803 525 2890 πρεσβυτέρα,
550 2792 573 2889 ᾖ
593 2799 732 2888 Νηλεύς
751 2798 938 2892 συνρίκησε.
981 2798 1064 2869 κατά
1091 2799 1129 2869 δὲ
1149 2809 1213 2870 Τε-

191 2903 348 2971 λέσιλλαν
366 2900 545 2989 ἐσώθησαν
560 2899 709 2990 Ἀμύκλα
723 2901 779 2970 καὶ
794 2907 975 2992 Μελίβοια,
995 2900 1156 2987 ἐτοξεύθη
1175 2900 1213 2969 δέ

168 3001 256 3072 5ὐπ’
284 2998 400 3073 αὐτῶν
425 3003 482 3072 καὶ
496 3000 657 3093 Ἀμφίων.
694 3000 780 3090 αὐτή
807 3002 845 3072 δὲ
864 3002 972 3093 Νιόβη
992 3001 1107 3092 Θήβας
1126 3000 1213 3071 άπο-

194 3106 339 3174 λιποῦσα
357 3104 442 3195 πρός
459 3103 520 3173 τόν
538 3105 665 3195 πατέρα
690 3103 863 3176 Τάνταλον
880 3097 962 3192 ήκεν
980 3110 1027 3184 είς
1043 3109 1213 3190 Σίκνλον,

193 3204 358 3277 κάκελΔιὶ
372 3203 538 3296 εὐξαμένη
551 3205 613 3294 τήν
624 3204 762 3296 μορφήν
780 3211 827 3285 είς
845 3212 948 3276 λίθον
964 3207 1137 3295 μετέβαλε,
1155 3205 1213 3274 καί

195 3323 300 3396 χεῖται
318 3307 451 3398 δάκρυα
468 3307 603 3395 νύκτωρ
620 3310 677 3376 καὶ
695 3305 776 3396 μεθ’
795 3306 924 3394 ἡμέραν
941 3310 1002 3376 τοῦ
1021 3314 1136 3376 λίθου.

159 3428 174 3477 7
269 3409 350 3498 μετά
375 3409 414 3479 δέ
438 3409 500 3497 τήν
520 3409 703 3498 Ἀμφίονος
726 3406 887 3495 τελευτήν
904 3406 1008 3488 Λάιος
1032 3409 1095 3496 τὴν
1112 3415 1210 3496 βασι-
