2446 3944
121 186 163 250 32
466 198 784 247 -ιοει-

98 349 243 436 αβίπτει.
271 352 506 436 συναθροίζων
519 344 693 433 δέΑίήτης
706 345 746 413 τά
765 350 826 414 τοῦ
845 344 965 425 παιδός
982 345 1066 433 μέλη
1085 349 1146 434 τῆς

125 446 268 527 διώξεως
282 443 460 534 ύστέρησε·
488 445 605 537 διόπερ
617 445 845 532 ὑποστρέψας,
860 448 917 515 καὶ
931 444 972 514 τά
987 447 1145 517 σωθέντα

123 552 185 617 τού
205 545 324 627 παιδός
341 548 425 635 μέλη
442 546 577 634 θάψας,
596 546 657 616 τόν
674 549 780 617 τόπον
799 547 1054 638 προσηγόρευσε
1078 547 1145 619 Τό-

99 667 218 737 3μονς.
261 647 407 728 πολλούς
432 647 470 717 δέ
494 654 563 717 τῶν
588 648 733 736 Κόλχων
759 650 815 718 ἐπὶ
838 647 900 736 τήν
923 648 1058 737 ζήτησιν
1084 655 1145 739 τῆς

121 749 264 838 Ἀργοῦς
283 750 477 837 ἐξέπεμψεν,
496 746 689 839 άπειλήσας,
709 757 741 819 εί
758 749 803 838 μή
816 749 972 837 Μήδειαν
990 748 1175 838 άξουσιν,σ

124 848 251 929 αύτούς
269 856 446 920 πείσεσθαι
463 848 504 918 τά
524 853 662 938 ἐκείνης.
699 859 735 920 οἳ
750 850 789 920 δὲ
808 853 1022 939 διαχεθέντες
1040 850 1144 933 άλλος

123 951 272 1038 ἀλλαχοῦ
291 949 423 1040 ζήτησιν
446 953 630 1021 ἐποιοῦντο.

97 1073 110 1113 4
199 1067 269 1132 τοῖς
294 1052 332 1121 δέ
351 1051 592 1141 Ἀργοναύταις
616 1051 676 1121 τόν
696 1050 878 1141 Ἠριδανόν
902 1051 1054 1141 ποταμόν
1076 1052 1143 1142 ἤδη
1177 1042 1181 1051 ’

123 1146 1143 1244 παραπλέουσιμηνίσαςΖεύςύπέρτούφονευθέντοςἈψύρ·

122 1281 183 1324 του
201 1257 349 1342 χειμῶνα
367 1254 494 1343 λάβρον
514 1255 702 1342 ἐπιπέμψας
721 1255 877 1343 ἐμβάλλει
895 1255 1039 1342 πλάνην.
1082 1256 1143 1326 καὶ
1159 1276 1189 1328 10

123 1353 240 1424 αὐτῶν
262 1356 322 1435 τάς
344 1353 547 1442 Ἀψυρτίδας
571 1355 697 1443 νήσους
722 1354 991 1447 παραπλεόντων
1013 1354 1142 1444 ήναύς

121 1456 304 1544 φθέγγεται
320 1455 367 1545 μή
387 1455 497 1543 λήξειν
514 1455 577 1543 τήν
595 1455 702 1544 ὀργήν
715 1463 777 1526 τοῦ
785 1456 881 1544 Διός,
901 1464 933 1526 εί
948 1457 993 1545 μή
1013 1482 1141 1546 πορευ-

121 1559 240 1637 θέντες
259 1564 306 1637 είς
323 1556 387 1644 τήν
406 1555 583 1628 Αὐσονίαν
601 1558 663 1626 τὸν
677 1556 848 1649 Ἀψύρτου
873 1557 982 1647 φόνον
1005 1569 1141 1651 καθαρ-

96 1664 231 1726 ιθοῑσιν
247 1657 317 1727 ύπό
335 1665 474 1747 Κίρκης.
511 1666 546 1727 οἳ
562 1659 600 1728 δέ
618 1656 917 1747 παραπλεύσαντες
938 1658 978 1727 τά
998 1661 1140 1746 Λιγύων

121 1760 178 1827 καλ
203 1763 341 1828 Κελτῶν
367 1765 451 1847 ἔθνη
459 1812 469 1847 ,
500 1760 556 1828 καὶ
581 1759 634 1830 διά
659 1765 719 1830 τοῦ
747 1766 943 1850 Σαρδονίου
968 1761 1140 1848 πελάγους
1157 1780 1189 1832 15

121 1861 356 1949 κομισθέντες,
392 1860 679 1950 παραμειψάμενοι
717 1869 913 1951 Τυρρηνίαν
949 1853 1058 1950 ήλθον
1089 1870 1139 1943 είς

121 1969 264 2050 Αίαίαν,
281 1968 367 2031 ἔνθα
386 1969 496 2053 Κίρκη
517 1964 620 2032 ίκέται
637 1962 812 2051 γενόμενοι
828 1969 1060 2048 καθαίρονται.

71 2084 105 2135 25
200 2062 463 2151 παραπλεόντων
487 2063 525 2132 δέ
551 2069 717 2153 Σειρῆνας
748 2062 875 2151 αὐτῶν,
904 2063 1046 2152 Ὀρφεὺς
1077 2063 1140 2151 τήν

125 2166 284 2232 ἐναντίαν
301 2169 435 2252 μοῦσαν
449 2168 614 2256 μελῳδῶν
640 2163 721 2245 τούς
738 2164 965 2253 Ἀργοναύτας
989 2165 1137 2252 κατέσχε.

122 2265 225 2352 μόνος
243 2264 281 2334 δὲ
299 2262 430 2351 Βούτης
450 2265 623 2352 ἐξενήξατο
642 2265 726 2353 πρός
745 2261 869 2353 αύτάς,
894 2262 935 2334 όν
957 2263 1140 2355 άρπάσασα
1158 2288 1192 2340 20

119 2363 301 2455 Ἀφροδίτη
321 2369 358 2436 έν
376 2372 549 2458 Λιλυβαίῳ
567 2365 736 2457 κατῴκισε.

98 2489 110 2528 2
199 2466 280 2555 μετά
300 2467 337 2536 δέ
355 2467 413 2548 τὰς
423 2471 588 2556 Σειρῆνας
607 2466 669 2554 τήν
683 2473 771 2536 ναῦν
781 2466 951 2556 Χάρυβδις
971 2468 1139 2556 ἐξεδέχετο

122 2568 178 2637 καὶ
189 2568 330 2637 Σκύλλα
347 2568 403 2636 καὶ
421 2569 538 2657 πέτραι
556 2575 732 2656 πλαγκταί,
751 2569 839 2656 ύπέρ
860 2561 909 2637 ὦν
927 2568 1010 2656 φλὸξ
1030 2571 1139 2658 πολλὴ

122 2669 178 2738 καὶ
202 2668 330 2748 καπνός
355 2668 606 2758 ἀναφερόμενος
632 2672 766 2758 ἑωρᾶτο.
802 2669 889 2738 άλλά
920 2669 975 2738 διά
1006 2669 1139 2739 τούτων

123 2768 288 2858 διεκόμισε
311 2769 373 2857 τήν
395 2775 485 2838 ναῦν
510 2772 575 2840 σύν
595 2778 742 2860 Νηρηίσι
761 2773 855 2850 Θέτις
881 2779 1138 2859 παρακληθεῖσα
1156 2793 1190 2844 25

120 2869 315 2961 ύπὸἭρας.

96 2993 109 3033 ³
199 2971 486 3061 παραμειψάμενοι
509 2972 547 3041 δέ
574 2980 757 3057 Θρινακίαν
781 2977 889 3060 νήσου
909 2972 1025 3042 Ἡλίου
1052 2979 1136 3060 βοῦς

125 3081 270 3160 έχουσαν
288 3081 336 3154 είς
350 3071 411 3161 τήν
424 3072 583 3142 Φαιάκων
595 3079 702 3161 νήσον
709 3075 891 3163 Κέρκυραν
905 3065 999 3162 ήκον,
1018 3065 1057 3161 ἧς
1071 3083 1136 3163 βα-

123 3174 234 3255 σιλεύς
253 3167 295 3263 ἦν
309 3175 489 3254 Ἀλκίνοος.
525 3175 650 3244 τῶνδέ
669 3174 813 3264 Κόλχων
830 3174 893 3262 τήν
911 3182 1002 3245 ναόν
1020 3173 1136 3263 εὑρεῖν

121 3277 167 3364 μὴ
181 3278 382 3364 δυναμένων
396 3285 431 3346 ολ
439 3276 503 3370 μέν
517 3292 588 3356 τοῖς
602 3283 802 3364 Κεραυνίοις
815 3275 905 3364 όρεσι
917 3276 1135 3367 παρῴκησαν,
1153 3294 1187 3347 30

123 3385 158 3446 ολ
173 3377 211 3446 δέ
230 3383 277 3457 είς
295 3377 357 3465 τήν
372 3377 541 3466 Ἰλλυρίδα
559 3379 773 3467 κομισθέντες
788 3384 920 3447 ἔκτισαν
931 3376 1135 3466 Ἀψυρτίδας

96 3478 263 3566 4νήσους·
307 3484 389 3548 ένιοι
413 3479 449 3548 δέ
474 3479 558 3567 πρός
584 3485 734 3559 Φαίακας
761 3478 919 3559 ἐλθόντες
941 3479 1002 3566 τήν
1024 3477 1133 3568 Ἀργώ
