2446 3944
141 219 187 284 42
477 229 846 280 -2312-

146 391 295 466 Προῖτον
313 375 362 447 ὅτι
380 376 653 468 Βελλεροφόντης
680 375 767 466 αύτή
796 377 872 466 περὶ
897 379 1032 465 φθοράς
1056 399 1169 464 προσ-

145 477 455 568 επίμψατολόγους.
465 477 656 568 Πρυῖτοςδέ
664 479 846 559 πιστεύσας
855 481 1168 561 ἐδωκενέπιστολάς

146 579 240 674 αύτῷ
259 579 342 668 πρός
358 575 507 670 Ἰοβάτην
525 587 682 670 κομίζειν,
708 581 746 648 ἐν
764 573 816 660 αἷς
837 581 1060 668 ἐνεγέγραπτο
1074 589 1161 651 Βελ-

44 701 49 719 ’
113 681 355 771 θλεροφόντην
372 678 578 752 άποκτεῖναι.
601 678 750 768 Ἰοβάτης
769 679 807 749 δέ
827 681 986 767 ἐπιγνούς
1002 682 1163 764 ἐπέταξεν

146 783 241 874 αὐτῷ
257 790 427 872 Χίμαιραν
439 797 577 871 κτεῖναι,
595 790 741 872 νομίζων
756 778 861 852 αύτδν
874 779 943 852 ύπδ
957 784 1019 853 τοῦ
1033 791 1164 873 θηρίου
1185 805 1201 856 5

146 883 458 972 διαφθαρήσεσθαι·
486 877 530 973 ήν
554 883 619 974 γάρ
638 881 679 955 ού
704 883 813 972 μόνον
837 884 888 953 ἑνὶ
913 881 1000 953 άλλά
1025 892 1165 965 πολλοῖς

146 980 212 1056 ούκ
226 982 412 1072 εύάλωτον,
432 984 500 1075 εἶχε
518 987 557 1056 δὲ
570 985 744 1075 προτομήν
756 982 820 1073 μέν
833 985 981 1072 λέοντος,
1001 983 1114 1074 ούράν
1128 987 1166 1056 δὲ

146 1083 345 1176 δράκοντος,
364 1094 481 1176 τρίτην
499 1086 537 1156 δέ
555 1085 708 1176 κεφαλήν
726 1087 832 1174 μέσην
850 1085 958 1174 αίγός,
977 1083 1016 1156 δι’
1034 1076 1075 1174 ής
1094 1091 1166 1176 πύρ

112 1209 132 1248 4
145 1186 244 1258 άνίει.
271 1189 328 1255 καλ
346 1186 407 1275 τήν
420 1188 536 1277 χάραν
549 1189 734 1277 διέφθειρε,
747 1186 805 1255 καλ
818 1184 858 1255 τά
874 1184 1070 1276 βοσκήματα
1084 1190 1166 1258 ἐλυ-

146 1296 301 1377 μαίνετο·
328 1296 390 1376 μία
413 1287 479 1377 γάρ
504 1289 608 1378 φύσις
630 1291 733 1379 τριῶν
755 1293 888 1377 θηρίων
914 1286 982 1376 εἶχε
1006 1286 1164 1378 δύναμιν.
1186 1310 1220 1362 10

148 1391 277 1476 λέγεται
296 1388 334 1458 δέ
351 1391 409 1459 καὶ
427 1388 489 1479 τήν
504 1396 672 1480 Χίμαιραν
690 1387 816 1478 ταύτην
833 1395 1003 1479 τραφῆναι
1016 1389 1081 1478 μὲν
1092 1390 1164 1460 ύπδ
1213 1451 1216 1455 .

142 1489 387 1580 Ἀμισωδάρου,
406 1492 563 1578 καθάπερ
577 1488 935 1581 είρηκεκαλὍμηρος,
956 1494 1166 1580 γεννηθῆναι

145 1593 183 1661 δὲ
211 1595 247 1660 ἐκ
272 1598 440 1679 Τυφῶνος
457 1593 513 1661 καὶ
535 1590 704 1681 Ἐχίδνης,
723 1589 840 1671 καθιδς
855 1592 1008 1673 Ἡσίοδος
1028 1597 1165 1682 ἱστορεῖ.

13 1702 16 1707 ’
106 1716 130 1764 ·2
149 1689 358 1781 άυαβιβάσας
376 1684 442 1762 ούν
461 1692 582 1763 ἑαυτὸν
600 1690 618 1764 ὁ
639 1691 913 1782 Βελλεροφόντης
932 1695 987 1763 ἐπὶ
1008 1692 1071 1762 τόν
1089 1692 1166 1791 Πή-

149 1812 266 1881 γασον,
285 1789 327 1863 δν
345 1791 434 1883 εἶχεν
448 1799 555 1864 λ’ππον
569 1798 605 1864 ἐκ
619 1793 803 1882 Μεδούσης
818 1793 949 1883 πτηνόν
961 1797 1165 1883 γεγεννημέ-
1189 1814 1221 1868 15

148 1924 210 1964 νον
227 1895 284 1963 καὶ
303 1899 532 1984 Ποσειδῶνος,
550 1891 669 1985 άρθελς
687 1903 735 1976 είς
752 1895 839 1979 ύυος
857 1893 924 1965 άπό
942 1896 1065 1965 τούτου
1083 1922 1164 1964 κατ-

115 2018 134 2057 ·2
148 1997 300 2079 ετόξευσε
314 1993 382 2085 ’τήν
397 2002 575 2086 Χίμαιραν.
600 1998 683 2086 μετὰ
697 1996 735 2067 δέ
747 1996 808 2068 τόν
822 1995 940 2086 άγιδνα
952 2003 1073 2066 τοῦτον
1085 1996 1164 2065 ἐπέ-

146 2097 244 2178 ταξεν
254 2094 347 2190 αύτῷ
360 2097 531 2186 Σολύμοις
543 2099 763 2188 μαχέσασθαι.
792 2098 837 2180 ὡς
852 2097 890 2168 δέ
904 2099 1097 2185 ἐτελεύτησε
1106 2099 1166 2166 καὶ

145 2204 281 2284 τούτου,
298 2195 472 2287 Ἀμαζόσιν
491 2199 648 2281 ἐπέταξεν
666 2195 889 2287 άγωνίζεσθαι
906 2194 1023 2270 κύτόν.
1060 2197 1106 2278 εδς
1126 2199 1166 2268 δὲ

144 2300 200 2368 καλ
217 2298 342 2380 ταύτας
360 2294 541 2385 άπέκτεινε,
563 2300 645 2381 τούς
661 2300 872 2390 γενναιότητι
886 2308 1027 2374 Λυκίων
1040 2301 1161 2387 διαφέ-
1183 2321 1220 2373 20

36 2492 39 2497 ,
145 2428 216 2487 ρειν
233 2405 422 2481 δοκοῦντας
437 2401 587 2483 ἐπιλέξας
606 2402 763 2482 ἐπέταξεν
781 2400 977 2472 άποκτεῖναι
991 2397 1160 2489 λοχήσαν-

113 2521 209 2582 Mag.
244 2499 290 2582 εδς
309 2501 421 2571 δὲκαὶ
445 2502 587 2583 τούτους
611 2497 784 2573 άπέκτεινε
807 2502 954 2591 πάντας,
978 2500 1165 2591 θαυμάσας

140 2601 204 2690 τήν
221 2601 369 2690 δύναμιν
387 2600 530 2673 αύτοῦό
560 2600 706 2693 Ἰοβάτης
729 2605 771 2673 τά
792 2633 828 2674 τε
854 2605 1032 2693 γράμματα
1058 2605 1164 2684 ἔδειξε

141 2706 198 2775 καλ
217 2700 299 2791 παρ’
319 2698 414 2795 αύτῷ
432 2705 546 2792 μένειν
562 2698 696 2794 ήξίωσε,
716 2708 799 2786 δούς
816 2703 879 2795 τήν
896 2707 1071 2793 θυγατέρα
1086 2713 1164 2774 Φυ·

141 2804 277 2893 λονόην,
295 2809 351 2874 καλ
370 2803 531 2893 θνήσκων
548 2806 611 2895 τήν
628 2813 803 2894 βασιλείαν
821 2808 997 2877 κατέλιπεν
1016 2803 1120 2899 αύτῷ.
1176 2827 1214 2880 25

214 2903 370 3003 Ἀκρισίω
385 2905 423 2975 δέ
437 2909 512 2993 περὶ
527 2914 661 2978 παίδων
674 2911 837 2995 γενέσεως
847 2908 1003 2997 άρρένων
1012 2929 1160 2996 χρηστηι

141 3009 322 3100 ριαζομένφ
336 3007 354 3076 ὁ
368 3006 449 3088 θεδς
469 3014 534 3096 ἔφη
552 3011 713 3096 γενέσθαι
725 3015 833 3080 παῖδα
848 3012 885 3080 ἐκ
898 3011 956 3096 τής
969 3009 1161 3098 θυγατρός,

140 3105 178 3188 δς
196 3103 303 3178 αύτδν
322 3108 516 3198 άποκτείνη.
552 3115 666 3191 δείσας
685 3101 748 3180 οὖν
769 3110 934 3200 Ἀκρίσιος
952 3113 1069 3201 τοῦτο,
1091 3110 1162 3181 ύττδ

140 3213 205 3296 γήν
218 3208 378 3298 θάλαμον1
388 3210 644 3292 κατασκευάσας
656 3211 799 3298 χάλκεον
807 3213 869 3301 τήν
880 3211 1022 3300 Δανάην
1033 3213 1162 3300 ἐφρού

112 3325 204 3397 τρεῖ.
232 3311 359 3401 ταύτην
377 3311 460 3400 μέν,
480 3309 525 3392 εδς
544 3317 627 3381 ἔνιοι
644 3315 821 3402 λέγουσιν,
841 3320 978 3402 ἔφθειρε
997 3322 1159 3404 Προῖτος,
1180 3330 1216 3386 ³0

139 3409 222 3481 ὅθεν
240 3411 359 3492 αὐτοῖς
377 3406 472 3501 καλή
493 3412 607 3494 στάσις
632 3414 788 3504 ἐκινήθη·
815 3413 861 3496 ύς
887 3414 927 3484 δέ
952 3420 1039 3484 ἐνιοί
1061 3437 1157 3503 φασι,

140 3513 230 3593 Ζεύς
248 3516 531 3602 μεταμορφωθεὶς
550 3522 600 3596 είς
614 3515 743 3603 χρυσόν
758 3519 813 3586 καὶ
830 3515 883 3586 διά
897 3519 955 3605 τής
969 3514 1096 3604 ὀροφῆς
1111 3523 1160 3597 είς
