2446 3944
137 189 197 258 108
480 205 798 253 -3131-

84 364 124 427 13
213 351 349 441 Πηλεύς
366 351 406 421 δέ
424 355 474 432 εἰς
494 358 609 422 Φθίαν
627 349 751 438 φυγών
769 351 855 440 πρός
874 351 1079 443 Εὐρυτίωνα
1096 354 1164 426 τόν

128 453 292 542 ’Ἄκτορος
304 451 366 523 ἀπ’
383 450 491 523 αὐτοῦ
506 459 718 544 καθαίρεται,
735 455 793 522 καλ
807 453 972 543 λαμβάνει
984 453 1068 544 παρ’
1089 455 1163 526 αὐ·

133 561 194 625 τοῦ
214 556 276 644 τήν
293 554 470 644 θυγατέρα
484 553 680 641 Ἀντιγόνην
697 555 754 623 καλ
771 560 832 642 τής
856 553 969 644 χώρας
993 556 1057 644 τήν
1078 565 1162 646 τρί·

132 683 194 745 την
211 671 343 745 μοῖραν.
371 658 428 725 καλ
446 664 575 742 γίνεται
591 656 750 744 θυγάτηρ
769 655 876 726 αὐτοῦ
887 656 1096 748 Πολυδώρα,
1114 656 1161 747 ἣν

98 779 115 827 2
134 763 235 846 ἔγημε
251 761 369 846 Βῶρος
386 755 404 825 ό
421 757 619 846 Περιήρους.
649 759 812 826 ἐντεῦθεν
829 756 868 826 δέ
887 759 943 827 ἐπὶ
960 758 1023 846 τήν
1040 759 1160 848 θήραν
1176 778 1194 833 ⁶

131 863 193 928 τοῦ
201 862 429 928 Καλυδωνίου
447 858 581 946 κόπρου
593 857 666 946 μετ’
684 856 905 948 Εὐρυτίωνος
923 859 1050 947 ἐλθών,
1068 885 1159 950 προ-

133 957 250 1048 έμενος
271 961 326 1029 ἐπὶ
343 959 404 1029 τὸν
422 965 489 1029 οὐν
507 957 665 1028 ἀκόντων
684 959 904 1049 Εὐρυτίωνος
921 959 1081 1049 τυγχάνει
1098 963 1160 1032 καὶ

131 1068 257 1131 κτείνει
273 1065 396 1131 τοῦτον
415 1059 516 1130 ἀκων.
553 1061 656 1130 πόλιν
672 1060 736 1148 μὲν
758 1052 826 1130 οὐν
845 1064 881 1131 ἐκ
902 1069 1014 1143 Φθίας
1032 1064 1159 1151 φυγών

133 1167 182 1242 είς
201 1159 338 1233 Ἰωλκόν
362 1162 446 1251 πρὸς
459 1160 630 1231 ’Ἄκαστον
653 1156 846 1250 ἀφικνεῖται
874 1165 932 1232 καὶ
955 1161 1017 1232 ὐπ’
1044 1161 1159 1235 αὐτοῦ

98 1280 114 1330 3
131 1270 339 1353 καθαίρεται.
385 1263 581 1350 ἀγωνίζεται
598 1262 637 1331 δὲ
658 1263 717 1331 καλ
741 1262 804 1332 τὸν
823 1265 880 1333 ἐπὶ
898 1272 1008 1355 Πελία
1025 1262 1159 1358 ἀγῶνα,
1177 1281 1208 1337 10

132 1362 431 1454 πρόςἉταλάντην
439 1369 673 1444 διαπαλαίσας.
692 1364 748 1432 καὶ
756 1362 975 1453 Ἀστυδάμεια
985 1361 1156 1438 Ἀκάστου

131 1463 232 1554 γυνή,
251 1465 391 1555 Πηλέως
406 1468 601 1554 ἐρασθεῖσα,
619 1465 698 1555 περὶ
712 1472 899 1547 συνουσίας
914 1466 1158 1558 προσέπεμψεν

107 1564 228 1659 ταύτῷ
242 1567 377 1652 λόγους.
395 1566 441 1655 μή
455 1566 630 1655 δυναμένη
641 1565 681 1636 δέ
692 1581 818 1655 πείσαι,
830 1567 915 1656 πρὸς
926 1569 990 1656 τήν
1005 1585 1158 1657 γυναῖκα

131 1663 239 1736 αὐτοῦ
264 1665 426 1755 πέμψασα
449 1673 513 1757 ἔφη
536 1666 671 1756 μέλλειν
691 1668 808 1757 Πηλέα
827 1684 952 1758 γαμεῖν
970 1664 1154 1762 Στερόπην

129 1769 192 1856 τήν
210 1765 376 1839 ’Λκάστον
398 1769 589 1857 θυγατέρα·
628 1769 685 1838 καὶ
709 1772 811 1838 τοῦτο
835 1771 946 1860 ἐκείνη
971 1768 1152 1844 ἀκούσασα
1170 1793 1202 1845 15

128 1868 278 1960 ἀγχόνην
295 1869 444 1940 ἀνάπτει.
480 1870 621 1958 Πηλέως
638 1870 677 1939 δέ
694 1868 955 1959 πρδς”Ακαστον
973 1874 1150 1956 καταψεύ-

130 1976 233 2058 δεται,
251 1971 398 2058 λέγουσα
414 1967 476 2040 ὐπ’
492 1968 603 2040 αὐτοῦ
618 1973 696 2060 περὶ
710 1979 898 2054 συνουσίας
910 1970 1149 2064 πεπειράσθαι.

104 2091 116 2129 ³
130 2069 324 2152 δ”Ακαστος
341 2071 491 2153 ἀκοόσας
509 2088 638 2143 κτείναι
651 2072 715 2161 μέν
728 2069 769 2141 δν
783 2073 949 2164 ἐκάθηρεν
961 2072 1027 2144 οὐκ
1041 2074 1152 2165 ήβον-

129 2172 236 2261 λήθη,
258 2173 331 2260 ἀγει
348 2174 387 2243 δέ
405 2172 512 2243 αὐτόν
531 2177 586 2243 ἐπὶ
603 2174 718 2263 θήραν
736 2181 785 2254 είς
802 2177 840 2243 τὸ
861 2175 998 2263 Πήλων.
1043 2183 1150 2248 ἐνθεν

128 2273 270 2363 ἀμίλλης
294 2278 373 2365 περὶ
396 2273 506 2365 θήρας
523 2276 725 2364 γενομένης,
750 2275 884 2365 Πηλεὺς
907 2277 971 2366 μέν
994 2269 1073 2366 οὐν,
1098 2269 1151 2350 ὧν
1170 2300 1208 2354 20

129 2378 298 2466 ἐχειροῦτο
320 2384 467 2467 θηρίων,
500 2376 562 2456 τάς
584 2376 741 2465 γλώσσας
757 2377 889 2447 τούτων
909 2378 1079 2467 ἐκτέμνων
1097 2389 1150 2462 τίς

111 2477 240 2567 πήραν
266 2481 387 2566 ἐτίθει,
412 2484 448 2548 οί
463 2478 502 2548 δέ
524 2477 596 2566 μετ’
618 2477 781 2549 Ἀκάστου
804 2484 913 2549 ταῦτα
935 2477 1149 2569 χειρούμενοι

102 2578 316 2665 4κατεγέλων
341 2579 387 2660 ώς
410 2580 517 2670 μηδὲν
538 2579 782 2670 τεθηρευκότος
799 2584 860 2650 τοῦ
878 2580 1030 2669 Πηλέως.
1066 2579 1085 2650 δ
1110 2583 1152 2653 δέ

128 2679 190 2760 τάς
207 2680 363 2767 γλώσσας
377 2681 649 2770 παρασχόμενος,
675 2679 757 2761 ὅσας
775 2680 877 2770 εἶχεν,
906 2685 1063 2770 ἐκείνοις,
1091 2711 1152 2754 το-

129 2787 238 2850 σαῦτα
256 2786 321 2869 ἔφη
338 2781 586 2871 τεθηρευκέναι.
613 2783 901 2872 ἀποκοιμηθέντος
919 2782 1027 2854 αὐτοῦ
1048 2786 1085 2854 ἐν
1102 2790 1152 2879 τῷ
1171 2808 1207 2859 25

130 2890 271 2975 Πηλίῳ,
296 2881 474 2952 ἀπολιπών
490 2882 656 2965 ’Ἄκαστος
679 2886 737 2955 καὶ
761 2885 825 2975 τήν
850 2885 1020 2975 μα’χαιραν
1046 2888 1083 2957 ἐν
1106 2892 1153 2978 τῇ

105 2989 200 3053 ὀτών
218 2989 310 3073 βοῶν
327 2984 446 3079 κόπρῳ
464 2985 598 3074 κρύνας
618 2987 844 3076 ἐπανέρχεται.
872 2984 891 3056 δ
910 2986 948 3056 δέ
968 2989 1154 3071 ε’ξαναστάς

129 3086 187 3155 καλ
203 3091 309 3175 ζητῶν
331 3085 397 3174 τήν
415 3085 596 3176 μάχαιραν,
622 3081 692 3157 ὐπδ
718 3092 788 3157 τών
814 3085 1023 3178 Κενταύρων
1046 3116 1153 3160 κατα-

129 3189 273 3277 ληφθεὶς
287 3195 425 3277 ἔμελλεν
439 3186 663 3258 ἀπόλλυσθαι.
692 3190 827 3274 σώζεται
839 3189 877 3259 δέ
890 3184 960 3259 ἀπό
969 3198 1152 3279 Χείρωνος.

129 3280 229 3369 οὗτος
248 3291 305 3358 καλ
322 3288 385 3378 τήν
402 3289 571 3379 μάχαιραν
589 3288 697 3361 αὐτοῦ
717 3289 893 3380 ἐκζητήσας
912 3295 1042 3361 δίδωσι.
1167 3312 1201 3366 30

95 3407 112 3456 4
207 3405 309 3478 γαμεί
324 3391 363 3460 δέ
381 3389 398 3460 ὁ
419 3389 555 3479 Πηλεύς
573 3394 789 3481 Πολυδώραν
807 3392 870 3479 τήν
888 3393 1097 3482 Περιήρους,
1117 3397 1152 3480 ἐξ

132 3483 173 3578 ής
191 3487 284 3584 αὐτῷ
304 3500 432 3580 γίνεται
450 3494 643 3575 Μενέσθιος
664 3497 818 3583 ἐπίκλην,
836 3489 855 3563 ό
876 3503 1065 3585 Σπερχειοῦ
1088 3501 1151 3566 τοῦ
