2446 3944
144 198 205 264 102
496 207 815 256 —3111-

91 367 129 432 ll
220 354 395 436 Μενέλαος
417 354 481 444 μὲν
504 347 568 425 οὖν
592 355 625 438 ἐξ
648 353 784 443 Ἑλένης
798 353 976 444 Ἑρμιόνην
1001 352 1168 443 ἐγέννησε

143 459 201 528 καὶ
224 458 310 527 κατά
331 485 425 538 τινας
450 456 701 547 Νικόστρατον,
728 460 766 528 ἐκ
784 455 910 545 δούλης
927 453 967 525 δέ
985 462 1165 544 Πιερίδος,

142 563 241 648 γένος
260 564 462 646 Αἰτωλίδος,
481 556 502 647 ή
521 558 676 649 καθάπερ
690 553 910 638 Ἀκουσίλαός
927 576 1010 647 φησι
1031 566 1162 647 Ίηρηί-

141 666 211 750 δος,
230 663 455 749 Μεγαπένθη,
474 662 510 729 ἐκ
528 669 710 741 Κνωσσίας
728 658 766 730 δὲ
783 661 922 749 νύμφης
939 658 1024 729 κατά
1039 657 1166 750 Εύμη·

139 770 201 833 λον
219 762 424 852 Ξενόδαμον.
1180 780 1198 832 5

105 885 122 934 ε
215 867 285 933 τῶν
304 863 342 934 δὲ
361 868 399 936 ἐκ
417 866 534 953 Λήδας
558 864 750 952 γενομένων
774 868 909 932 παίδων
926 861 1074 953 Κάστωρ
1098 863 1163 953 μὲν

139 964 234 1054 ήσκει
250 965 290 1035 τά
308 965 392 1035 κατά
410 966 570 1057 πόλεμον,
581 964 803 1052 Πολυδεύκης
821 963 860 1035 δὲ
868 964 1020 1054 πυγμήν,
1035 967 1097 1035 καλ
1106 965 1163 1034 διά

139 1065 203 1155 τήν
221 1065 386 1156 άνδρείαν
404 1068 596 1158 ἐκλήθησαν
618 1064 803 1155 άμφότεροι
821 1066 1035 1156 Διόσκουροι.
1072 1072 1156 1154 βου-

140 1168 273 1258 λόμενοι
290 1169 329 1239 δέ
346 1176 450 1259 γήμαι
467 1169 526 1250 τάς
541 1175 742 1240 Λευκίππου
754 1169 948 1259 θυγατέρας
964 1170 1000 1238 έκ
1015 1168 1160 1257 Μεσσή-

113 1290 201 1358 ενης
219 1270 432 1358 άρπάσαντες
452 1278 596 1360 ἔγημαν·
623 1269 681 1338 καλ
700 1276 830 1357 γίνεται
840 1269 905 1359 μέν
913 1268 1161 1352 Πολυδεύκους
1178 1286 1208 1343 10

140 1374 198 1441 καλ
209 1379 336 1462 Φοίβης
346 1379 562 1462 Μνησίλεως,
571 1371 746 1461 Κάστορος
756 1371 794 1441 δέ
803 1373 859 1441 καὶ
874 1368 1035 1462 Ἱλαείρας
1049 1368 1154 1443 'Amo'-

113 1493 221 1560 3ywv.
258 1475 437 1557 ἐλάσαντες
461 1475 499 1545 δὲ
525 1478 561 1545 ἐκ
578 1478 637 1563 τής
652 1467 831 1562 Ἀρκαδίας
848 1479 940 1561 βοάν
963 1478 1060 1543 λείαν
1077 1472 1168 1562 μετά

139 1578 208 1644 τῶν
223 1574 395 1666 Ἀφαρέως
411 1581 547 1646 παίδων
561 1574 635 1646 Ἴδα
653 1577 710 1658 καὶ
728 1576 904 1666 Λυγκέως,
922 1575 1161 1664 ἐπιτρέπωσιν

127 1673 204 1768 Ἴδα
221 1681 363 1747 διελεῖν·
400 1675 420 1747 δ
444 1676 482 1747 δὲ
500 1677 610 1766 τεμοδν
627 1681 716 1766 βούν
734 1684 783 1756 είς
800 1677 886 1765 μέρη
902 1677 1070 1766 τέσσαρα,
1095 1681 1160 1747 τοῦ

138 1777 275 1867 κρότου
289 1779 544 1868 καταφαγόντος
557 1777 630 1850 εἷπε
642 1781 704 1866 τῆς
722 1786 814 1858 λείας
832 1777 870 1849 τό
889 1777 992 1867 ήμισυ
1006 1785 1158 1867 ἔσεσθαι,
1177 1793 1205 1847 1⁶

139 1881 195 1948 καὶ
213 1887 276 1950 τού
295 1883 456 1972 δευτέρου
474 1882 512 1950 τό
533 1880 660 1951 λοιπόν.
695 1880 753 1950 καὶ
777 1880 914 1968 φθάσας
937 1879 1158 1969 κατηνάλωσε

141 1980 178 2049 τὸ
197 1984 298 2071 μέρος
308 1983 345 2052 τό
358 1988 446 2052 λ’διου
455 1988 591 2071 πρῶτον
600 1981 704 2070 Ἴδας,
723 1982 780 2050 καὶ
789 1981 827 2051 τό
841 1985 903 2051 τού
920 1979 1087 2071 ἀδελφοῦ,
1101 1983 1158 2051 καλ

112 2078 205 2168 εμεύ
228 2087 360 2154 ἐκείνου
377 2084 440 2173 τήν
458 2092 553 2155 λείαν
571 2090 619 2165 είς
637 2081 824 2172 Μεσσήνην
840 2081 952 2172 ήλασε.
989 2084 1159 2173 στραταύ4

139 2207 258 2264 σαντες
283 2184 321 2253 δέ
346 2186 402 2254 ἐπὶ
420 2186 608 2275 Μεσσήνην
631 2189 667 2254 οἱ
682 2185 887 2275 Διόσκουροι
910 2184 975 2272 τήν
999 2212 1037 2255 τε
1060 2191 1158 2255 λείαν

140 2286 273 2373 ἐκείνην
290 2287 348 2355 καὶ
365 2287 494 2376 πολλὴν
511 2286 619 2375 άλλην
633 2287 891 2357 συνελαύνουσι.
916 2286 1051 2356 καὶτὸν
1062 2282 1160 2356 Ἴδαν
1176 2301 1208 2354 2⁰

139 2384 209 2456 ύπδ
229 2392 313 2476 δρυῖΙ
330 2388 457 2476 ἐλόχων
474 2391 531 2458 καί
554 2389 616 2459 τόν
635 2391 782 2474 Λυγκέα.
818 2385 978 2476 Λυγκεύς
1005 2387 1045 2458 δέ
1070 2386 1159 2459 ίδαδυ

112 2509 125 2550 ⁵
142 2487 297 2577 Κάστορα
316 2487 866 2582 ἐμήνυσευ”1δμ,κάκεῖνοςαύτόν
878 2497 1011 2560 κτείνει.
1035 2497 1157 2562 Πολυ-

140 2588 264 2678 δεύκης
283 2591 321 2660 δέ
340 2595 477 2674 ἐδίωξεν
497 2592 635 2681 αύτούς,
652 2592 709 2662 καλ
726 2592 786 2662 τὸν
803 2590 865 2679 μέν
879 2590 1018 2678 Λυγκέα
1035 2599 1159 2662 κτείνω

138 2690 176 2759 τὸ
195 2690 282 2779 δόρυ
300 2692 504 2781 προέμενος,
522 2695 584 2763 τόν
602 2693 640 2764 δέ
655 2692 752 2764 Ἴδαν
770 2684 915 2783 διύκων,
931 2693 1072 2781 βληθεὶς
1088 2691 1154 2763 ύτύ

139 2793 272 2862 ἐκείνου
291 2792 397 2884 πέτρα
416 2790 499 2867 κατά
512 2801 570 2884 τής
582 2797 743 2884 κεφαλής,
756 2801 871 2864 πίπτει
884 2803 1078 2874 σκοτωθείς.
1096 2799 1156 2866 καῖ
1175 2810 1208 2861 25

139 2891 334 2979 ΖεύςἼδαν
352 2912 532 2986 κεραυνοῖ,
551 2895 777 2983 Πολυδεύκην
790 2895 828 2966 δέ
842 2902 890 2977 είς
902 2894 1054 2984 ούρανόν
1068 2895 1157 2966 άυά-

55 3072 58 3077 ,
112 3014 125 3055 ⁶
139 3023 198 3082 γει.
216 2996 262 3085 μή
280 2997 462 3086 δεχομένου
482 2996 520 3067 δέ
538 2995 781 3078 Πολυδεύκους
798 2996 862 3085 τήν
879 2996 1076 3068 άθανασίαν
1093 2995 1156 3067 όν-

138 3124 193 3179 τος
201 3104 328 3187 νεκροῦ
338 3099 524 3190 Κάστορος,
543 3099 632 3180 Ζεύς
642 3098 845 3187 άμφοτέροις
858 3097 936 3188 παρ’
948 3097 1082 3189 ἡμέραν
1097 3100 1157 3170 καὶ

139 3201 177 3269 έν
193 3210 288 3282 θεοῖς
307 3200 393 3270 εἶναι
410 3204 468 3270 καλ
486 3205 523 3271 έν
539 3213 681 3290 θνητοῖς
705 3205 819 3271 ἔδωκε.
854 3200 1092 3289 μεταστάντων
1117 3201 1157 3271 δὲ

138 3307 187 3381 είς
205 3300 310 3383 θεούς
327 3306 396 3373 τῶν
414 3303 649 3390 Διοσκούρων,
674 3303 876 3392 Τυνδάρεως
892 3303 1155 3392 μεταπεμψάμε-
1173 3314 1208 3368 30

137 3429 197 3483 νος
217 3404 396 3474 Μενέλαον
414 3413 463 3486 είς
484 3403 647 3494 Σπάρτην
663 3404 772 3499 τούτῳ
790 3406 852 3492 τήν
868 3411 1043 3493 βασιλείαν
1066 3429 1158 3494 παρ-

137 3503 271 3575 ἔδωκεν.
