2446 3944
97 193 141 257 44
430 203 794 254 -ειεε-

72 373 87 414 0
103 353 208 423 έθετο.
236 351 364 441 ταύτην
374 359 461 440 ἔχων
470 349 573 432 αύτός
587 350 650 441 μὲν
663 348 726 432 ούς
739 349 862 439 ῆθελεν
876 357 1031 440 ἔβλεπεν,
1050 349 1123 422 ύπό

100 453 214 525 ἄλλων
231 454 270 524 δὲ
287 453 351 543 ούχ
369 455 506 544 ἑωρᾶτο.
533 452 648 542 λαβιόν
662 452 701 523 δὲ
714 453 771 522 καὶ
784 454 875 544 παρά
888 451 1012 542 Ἑρμοῦ
1029 451 1124 523 ύδα·

100 564 265 646 μαντίνην
283 556 417 643 ἅρπην,
442 552 623 643 πετόμενος
642 561 692 635 είς
710 555 771 624 τδν
790 551 956 624 Ὠκεανόν
973 546 1034 643 ῆκε
1058 555 1125 624 καί

76 660 263 746 ἵκατέλαβε
286 656 346 736 τάς
373 655 546 746 Γοργόνας
577 657 795 744 κοιμωμένας.
834 646 922 744 ῆσαν
952 656 991 726 δὲ
1017 648 1124 727 αὗται

102 758 227 830 Σθενύ
238 754 404 848 Εύρυάλη
415 757 590 828 Μέδουσα.
609 756 695 846 μόνη
709 756 748 827 δὲ
761 748 804 845 ῆν
815 754 925 845 θνητὴ
936 757 1122 828 Μέδουσα·
1140 774 1158 825 5

102 858 156 929 διά
180 863 281 929 τούτο
305 860 361 929 ἐπὶ
387 855 449 947 τῆν
466 858 591 946 ταύτης
608 861 760 947 κεφαλῆν
776 858 930 947 Περσεύς
948 859 1122 948 ἐπέμφθη.

101 960 194 1050 είχον
209 960 247 1031 δὲ
260 967 300 1031 αἱ
306 960 474 1050 Γοργόνες
487 962 637 1050 κεφαλὰς
650 959 713 1048 μὲν
722 961 1041 1050 περιεσπειραμένας
1054 986 1125 1049 φο-

101 1069 170 1131 λίσι
184 1063 392 1153 δρακόντων,
406 1059 548 1142 ὀδόντας
561 1061 600 1130 δὲ
613 1061 780 1149 μεγάλους
795 1058 840 1142 ύς
853 1067 961 1150 συύν,
974 1062 1031 1131 καὶ
1047 1075 1123 1149 χεῖ-

103 1192 163 1254 ρας
177 1169 316 1251 χαλκᾶς,
329 1165 387 1232 καὶ
401 1164 569 1252 πτέρυγας
582 1168 725 1252 χρυσᾶς,
739 1161 777 1231 δι’
795 1156 844 1233 όν
853 1164 1018 1232 ἐπέτοντο.
1037 1162 1123 1242 τούς

76 1266 142 1335 8δέ·
161 1264 296 1345 ἰδόντας
310 1272 432 1344 λίθους
446 1267 599 1335 ἐποίουν.
627 1264 762 1344 ἐπιστάς
776 1254 839 1333 οὖν
852 1259 974 1343 αύταϊς
992 1258 1010 1333 ὁ
1025 1273 1121 1352 Περ·
1143 1275 1169 1331 1(

103 1369 183 1447 σεύς
202 1366 442 1455 κοιμωμέναις,
465 1366 743 1454 κατευθυνούσης
760 1363 822 1452 τῆν
844 1381 941 1454 χεῖρα
958 1365 1122 1453 Ἀθηνᾶς,

103 1466 378 1557 ἀπεστραμμένος
395 1470 453 1537 καὶ
470 1468 606 1555 βλέπων
624 1474 672 1547 είς
690 1463 818 1536 ιἰσπίδα
843 1469 989 1555 χαλκῆν,
1013 1463 1056 1535 δι’
1083 1457 1123 1553 ῆς

103 1568 166 1656 τῆν
180 1568 297 1639 ἐίκόνα
310 1574 370 1654 τῆς
388 1569 556 1657 Γοργόνος
570 1574 722 1655 ἔβλεπεν,
742 1567 988 1657 ἐκαρατόμησεν
1001 1564 1123 1655 αύτῆν.

81 1668 357 1759 θάποτμηθείσης
376 1668 415 1739 δέ
427 1675 487 1758 τῆς
500 1675 661 1758 κεφαλῆς,
680 1671 717 1737 ἐκ
730 1674 788 1756 τῆς
802 1669 971 1756 Γοργόνος
986 1668 1125 1758 ἐξέθορε

111 1770 270 1859 Πήγασος
287 1770 413 1858 πτηνὸς
431 1776 546 1857 ἵππος,
563 1771 620 1840 καὶ
638 1769 807 1861 Χρυσάωρ
824 1764 843 1840 ό
858 1771 1035 1862 Γηρυόνου
1054 1795 1124 1838 πα·
1146 1785 1169 1839 ιε

72 1889 88 1941 3
107 1873 184 1960 τῆρ’
202 1872 345 1954 τούτους
364 1873 403 1942 δὲ
421 1872 604 1960 ἐγέννησεν
623 1875 659 1942 ἐκ
678 1877 903 1955 Ποσειδύνος.
938 1870 1039 1961 ὁμὲν
1056 1861 1125 1941 οὖν

107 1973 259 2062 Περσεύς
284 1973 465 2062 ἐνθέμενος
488 1979 539 2053 εἰς
562 1973 624 2062 τῆν
649 1980 774 2062 κίβισιν
802 1973 865 2060 τῆν
888 1969 1039 2062 κεφαλῆν
1061 1977 1124 2060 τῆς

106 2075 291 2163 Μεδούσης
308 2073 416 2144 όπίσω
434 2074 537 2154 πάλιν
556 2074 684 2162 ἐχώρει,
703 2078 741 2142 αλ
756 2074 795 2143 δὲ
814 2075 983 2163 Γοργόνες
1001 2078 1038 2144 ἐκ
1055 2076 1117 2159 τῆς

106 2183 218 2263 κοίτης
232 2173 417 2245 ἀναστᾶσαι
429 2174 636 2264 τδνΠερσέα
655 2178 809 2263 ἐδίωκον,
821 2177 878 2245 καὶ
887 2180 1042 2247 συνιδεῖν
1054 2174 1124 2243 αύ-

105 2273 167 2346 τόν
185 2271 250 2345 ούκ
268 2276 433 2346 ἐδύναντο
451 2274 578 2364 διάτῆν
590 2280 715 2365 κυνῆν·
735 2272 966 2366 άπεκρύπτετυ
977 2277 1049 2367 γὰρ
1063 2271 1123 2346 ὑπ’
1143 2291 1169 2343 21

85 2372 226 2464 ταύτῆς.
254 2371 528 2465 παραγενόμενος
546 2377 585 2446 δὲ
603 2385 652 2458 είς
671 2383 871 2468 Αἰθιοπίαν,
889 2370 928 2468 ῆς
947 2382 1126 2469 ἐβασίλευε
1165 2432 1169 2439 -

106 2479 258 2567 Κηφεύς,
272 2469 352 2568 εὗρε
363 2478 427 2567 τῆν
439 2481 564 2550 τούτου
577 2480 752 2569 θυγατέρα
766 2477 996 2571 Ἀνδρομέδαν
1012 2505 1125 2570 παρα-

106 2579 265 2667 κειμένην
277 2580 385 2670 βοράν
398 2587 576 2674 θαλασσίῳ
589 2579 690 2668 κήτει.
719 2583 922 2652 Κασσιέπεια
931 2578 998 2671 γάρ
1013 2579 1033 2670 ῆ
1047 2589 1125 2669 Κη-

64 2684 78 2759 J
107 2680 197 2767 φόως
215 2679 304 2768 γυνῆ
324 2688 494 2773 Νηρηίσιν
518 2681 611 2773 ῆρισε
634 2685 713 2770 περὶ
736 2681 902 2770 κάλλους,
928 2684 984 2751 καὶ
1002 2688 1125 2752 πασῶν

107 2779 194 2852 εἶναι
211 2787 377 2870 κρείσσων
402 2781 567 2872 ηόχησεν·
592 2782 677 2853 ὅθεν
702 2789 743 2853 αί
758 2790 928 2874 Νηρηίδες
947 2784 1123 2872 ἐμήνισαν,
1142 2797 1169 2848 κε

106 2884 164 2952 καὶ
173 2886 353 2953 Ποσειδῶν
371 2879 493 2965 αύταϊς
512 2886 750 2974 συνοργισθεὶς
759 2883 941 2976 πλῆμυράν
949 2913 986 2955 τε
996 2888 1052 2955 ἐπί
1061 2883 1124 2972 τὴν

80 2985 222 3073 3χάραν
239 2990 365 3072 έπεμψε
382 2986 439 3054 καὶ
457 2990 564 3073 κῆτος.
585 2983 767 3073 ’Ἄμμωνος
790 2988 829 3057 δὲ
853 2987 1038 3077 χρήσαντος
1061 2982 1125 3073 τῆν

108 3084 309 3174 άπαλλαγῆν
326 3092 386 3174 τῆς
404 3091 595 3177 συμφοράς,
615 3084 674 3156 έάν
692 3086 713 3174 ῆ
728 3095 953 3169 Κασσιεπείας
965 3088 1125 3177 θυγάτηρ

104 3182 313 3277 Ἀνδρομέδα
331 3193 484 3277 προτεθῇ
497 3194 544 3279 τῷ
558 3188 648 3276 κῆτει
664 3190 762 3277 βορά,
780 3193 880 3259 τοῦτο
894 3187 1125 3277 ἀναγκασθεὶς

108 3287 127 3355 ὁ
142 3283 360 3377 Κηφεύςύπὸ
373 3295 443 3359 των
453 3290 636 3362 Αίθιόπων
651 3291 785 3380 ἔπραξε,
798 3295 856 3362 καὶ
864 3293 1052 3382 προσέδησε
1061 3289 1124 3378 τῆν
1142 3299 1169 3352 3(

81 3392 282 3479 ιθυγατέρα
308 3392 423 3482 πέτρᾳ.
459 3390 586 3479 ταύτην
610 3392 821 3480 θεασάμενος
847 3388 864 3463 ό
891 3390 1044 3482 Περσεύς
1067 3392 1125 3463 καὶ

110 3492 268 3581 ἐρασθείς
282 3491 475 3581 άυαιρῆσειν
488 3489 654 3581 όπέσχετυ
667 3493 826 3582 Κηφεῑτδ
841 3500 953 3585 κῆτος,
967 3500 1000 3565 εί
1010 3497 1125 3584 μέλλει
