2446 3944
169 120 292 186 76·
493 128 860 179 -3123—

170 280 254 358 Διός
271 278 329 347 καὶ
349 284 585 361 Κασσιεπείας,
603 277 661 345 καὶ
680 273 735 344 διά
752 279 876 345 τοῦτον
892 273 1080 346 στασιάσαι.
1110 272 1180 347 ‘Pa-

169 380 351 468 δάμανθυς
370 379 408 448 δὲ
426 394 497 459 τοϊς
515 377 691 466 νησιώταις
709 382 925 464 νομοθετῶν,
944 368 1047 457 αὖθις
1065 374 1182 466 φυγῶν

170 490 218 562 είς
233 489 400 552 Βοιωτίαν
409 476 600 568 Ἀλκμήνην
613 493 725 567 γαμεί,
739 480 797 548 καὶ
811 477 1017 566 μεταλλάξας
1032 481 1071 549 ἐν
1080 475 1179 577 ’ᾉδον

144 604 157 642 ⁴
169 581 251 672 μετά
262 590 406 662 Μίνωος
416 580 545 664 δικάζει.
562 587 684 660 Μίνως
694 579 732 649 δὲ
741 578 879 668 Κρήτην
887 584 1056 649 καταντᾶν
1063 585 1178 671 ἔγραφε

170 684 317 771 νόμους,
344 684 402 752 καὶ
419 681 527 770 γήμας
547 681 730 770 Πασιφάην
748 680 810 767 τήν
824 678 943 752 Ἡλίου
960 681 1020 750 καί
1039 684 1176 770 Περσηί·
1191 697 1200 719 ⁵

170 791 241 872 δος,
260 779 305 865 ῶς
324 784 362 854 δὲ
383 783 627 872 Ἀσκληπιάδης
645 790 748 872 φησί,
774 781 912 870 Κρήτην
935 781 998 871 τήν
1017 777 1178 873 Ἀστερίαν

169 888 362 973 θυγατέρα,
388 889 512 966 παῖδας
535 885 598 973 μέν
623 887 784 954 ἐτέκνωσε
811 885 948 971 Κατρέα
965 891 1181 955 Δευκαλίωνα

145 992 331 1059 ῠΓλαῦκον
346 985 571 1075 Ἀνδρόγεων,
587 987 781 1073 θυγατέρας
797 984 991 1073 δδἈκάλην
1004 991 1183 1075 Ξενοδίκην
1205 1038 1208 1045 -

167 1087 346 1177 Ἀριάδνην
358 1093 527 1174 Φαίδραν,
544 1089 581 1156 ἐκ
590 1094 739 1176 Παρείας
749 1086 787 1156 δὲ
795 1086 934 1175 νύμφης
945 1085 1184 1176 Εὐρυμέδοντα
1220 1073 1223 1193 Ι

172 1197 386 1277 Νηφαλίωνα
413 1189 553 1279 Χρύσην
582 1188 773 1275 Φιλόλαον,
802 1191 840 1257 έκ
867 1188 905 1258 δὲ
932 1190 1101 1270 Δεξιθέας
1119 1184 1183 1261 Et?-

171 1293 320 1373 ξάνθιον.

137 1411 153 1462 3
245 1392 462 1480 Ἀστερίωνος
480 1391 519 1461 δὲ
537 1389 678 1472 άπαιδος
701 1389 937 1472 ἀποθανόντος
951 1396 1076 1471 Μίνως
1093 1398 1187 1479 βασι·

172 1494 283 1564 λεύειν
300 1496 414 1562 θέλων
433 1493 566 1581 Κρήτης
586 1491 758 1562 ἐκωλύετο.
792 1491 903 1581 φήσας
929 1491 968 1562 δὲ
985 1491 1079 1583 παρά
1097 1499 1189 1563 θεῶν

171 1595 234 1683 τήν
259 1602 433 1683 βασιλείαν
450 1595 644 1682 εἰληφέναι,
668 1592 765 1681 χάριν
788 1596 850 1663 τοῦ
868 1597 1095 1681 πιστευθῆναι
1113 1601 1189 1683 ἔφη,

146 1695 191 1764 τό
208 1723 240 1764 τι
257 1690 301 1764 άν
319 1694 464 1784 εὔξηται,
482 1697 653 1782 γενέσθαι.
680 1696 737 1764 καὶ
752 1697 940 1766 Ποσειδῶνι
952 1693 1054 1764 θύων
1066 1692 1193 1782 ηὔξατο
1213 1721 1215 1744 >

171 1803 299 1886 ταῦρον
317 1797 536 1885 άναφανήναι
555 1800 592 1866 ἐκ
609 1802 679 1865 τῶν
692 1800 825 1884 βυθῶν,
843 1794 1077 1883 ὑποσχόμενος
1089 1824 1194 1866 κατα·

171 1899 294 1970 θύσειν
312 1898 371 1968 τόν
389 1899 549 1986 φανέντα.
563 1901 638 1967 ’τοῦ
659 1897 697 1967 δέ
716 1901 930 1977 Ποσειδῶνος
948 1895 1193 1985 ταύρονάνίν-

173 2028 230 2081 τος
248 1999 342 2092 αὐτῶ
361 2003 529 2087 διαπρεπῆ
545 1999 608 2085 τὴν
616 2006 790 2087 βασιλείαν
798 1999 982 2087 παρέλαβε,
991 1998 1050 2066 τὸν
1061 1999 1100 2068 δὲ
1108 2002 1195 2069 ταύ-

174 2129 237 2188 ρον
254 2109 302 2181 είς
320 2101 361 2170 τδι
379 2099 541 2189 βουκόλια
559 2101 693 2189 πέμψας
711 2108 838 2170 ἔθυσεν
858 2103 983 2189 ἕτερον.
1016 2109 1194 2171 θαλασσο-

174 2201 340 2290 κρατήσας
358 2201 396 2271 δὲ
410 2204 541 2289 πρῶτος
554 2206 675 2271 πασῶν
689 2204 758 2271 τῶν
771 2201 887 2289 νήσων
900 2199 1024 2289 σχεδόν
1038 2204 1193 2292 ἐπῆρξεν.

139 2325 157 2374 4
175 2299 347 2392 ὀργισθείς
365 2303 403 2373 δὲ
422 2300 516 2393 αύτῷ
531 2308 710 2373 Ποσειδῶν
728 2302 780 2372 ότι
792 2302 837 2391 μή
851 2304 1021 2372 κατέθυσε
1034 2303 1192 2373 τὸνταύ-

174 2433 253 2494 ρον,
277 2411 402 2475 τούτου
420 2404 482 2493 μὲν
509 2406 704 2491 ἐξηγρίωσε,
730 2403 911 2492 Πασιφάην
936 2402 976 2472 δὲ
1000 2407 1119 2474 έλθείν
1146 2411 1193 2486 είς

175 2511 360 2594 ἐπιθυμίαν
384 2505 492 2576 αύτού
517 2505 779 2591 παρεσκεύασεν.
819 2502 898 2593 ἢδὲ
927 2509 1111 2592 ἐρασθεῖσα
1131 2510 1193 2575 τοῦ

173 2608 303 2695 ταύρου
318 2608 487 2696 συνεργὸν
501 2607 663 2695 λαμβάνει
676 2610 866 2692 Δαίδαλον,
881 2596 918 2687 ός
931 2597 975 2693 ήυ
988 2603 1200 2693 ἀρχιτέκτων·

149 2708 353 2797 νιτεφενγῶς
373 2711 405 2790 ἐξ
421 2706 577 2795 Ἀθηνῶν
596 2710 651 2778 ε’πί
670 2709 778 2800 φόνῳ.
812 2701 912 2788 οὗτος
938 2711 1080 2796 ξυλίνην
1104 2714 1193 2797 βοῶν

176 2813 231 2881 ἐπὶ
248 2816 379 2898 τροχῶν
397 2808 667 2896 κατασκευάσας,
685 2812 743 2880 καὶ
761 2808 889 2897 ταύτην
913 2811 1030 2897 βαλὼν
1047 2811 1106 2878 καὶ
1123 2837 1194 2879 κοι-

167 2911 281 2991 λάνας
302 2918 443 2998 ἔσωθεν,
461 2914 614 3000 ἐκδείρας
627 2937 663 2980 τε
679 2913 766 2999 βοῶν
779 2910 842 2999 τήν
856 2907 963 3001 δοράν
974 2912 1193 3001 περιέρρανε,

174 3014 233 3082 καὶ
248 3015 325 3093 θεὶς
345 3017 381 3081 έν
402 3004 495 3104 ᾧπερ
516 3021 644 3082 είθιστο
662 3010 680 3081 ὁ
699 3019 825 3099 ταύρος
844 3015 981 3100 λειμῶνι
997 3011 1193 3100 βόσκεσθαι,

148 3115 236 3202 ετήν
252 3114 436 3201 Πασιφάην
452 3117 657 3203 ἐνεβίβασεν.
688 3113 800 3184 έλθιδν
817 3113 854 3183 δὲ
868 3107 886 3181 ό
899 3120 1027 3203 ταῦρος
1045 3110 1093 3194 ῶς
1109 3113 1194 3203 άλη·

174 3222 258 3304 θινή
277 3220 335 3304 βοῒ
353 3219 540 3303 συνῆλθεν.
574 3212 595 3303 ἣ
614 3215 653 3284 δέ
667 3214 837 3305 Ἀστέριον
856 3215 1014 3303 ἐγέννησε
1031 3213 1093 3284 τόν
1110 3223 1194 3303 κλη-
1213 3254 1217 3271 ι

175 3319 281 3387 θέντα
299 3317 542 3406 Μινῶταυρον.
578 3310 679 3398 οὗτος
698 3315 766 3406 εἶχε
783 3316 914 3407 ταύρου
932 3316 1136 3404 πρόσωπον,
1153 3316 1194 3384 τά

176 3419 215 3488 δὲ
239 3418 337 3488 λοιπά
361 3413 505 3509 άυδρός·
534 3424 656 3500 Μίνως
682 3418 721 3489 δὲ
753 3419 790 3487 έν
813 3420 861 3510 τῶ
885 3423 1087 3512 λαβυρίνθῳ
1110 3417 1196 3487 κατά
