2446 3944
131 178 192 244 106
451 189 829 241 -οιεεε-

104 358 230 427 ῡγονος
247 337 409 420 Τελέστας
424 335 602 426 Εὔανδρος
615 338 815 428 Κεβριόνης,
837 339 969 425 Μήλιος
984 333 1131 426 Ἀργέμα

130 466 188 530 χος
205 441 380 521 Λαοδόκος
395 438 566 529 Ἐχέφρων
581 438 781 528 Ἰδομενεύς,
797 438 961 528 Ὑπερίων
973 437 1216 521 Ἀσκάνιος

130 540 319 630 Δημοκόων
327 540 492 631 ’Ἀρρητος
505 548 705 630 Δηιοπίτης,
718 549 864 622 Κλονίος
878 539 1025 629 ’Πγέμωυ
1035 538 1192 611 ‘Paci‘

129 670 228 733 ροχος
247 642 442 730 Αίγεωνεῦς
459 650 634 723 Λυσίθοος
652 641 881 730 Πολυμέδων,
898 640 1093 731 θυγατέρες
1111 642 1164 712 δὲ

130 746 297 817 Μέδουσα
314 744 553 832 Μηδεσικάστη
571 745 749 832 Λυσιμάχη
765 742 993 835 Ἀριστοδήμη.
1179 757 1198 809 ε

95 865 113 916 ο
197 845 324 935 Ἕκτωρ
342 846 405 934 μὲν
422 838 486 916 οῦν
501 843 734 935 Ἀνδρομάχην
757 843 821 933 τὴν
837 840 1015 926 Ἠετίωνος
1034 861 1149 935 γαμεῖ,

125 946 343 1038 Ἀλέξανδρος
362 947 400 1017 δέ
413 948 572 1036 Οἰνώνην
584 946 646 1036 τὴν
657 951 830 1037 Κεβρῆνος
840 950 900 1016 τοῦ
911 952 1068 1036 ποταμοῦ
1077 957 1150 1018 θυ-

128 1048 262 1139 γατέρα.
281 1048 369 1137 αῦτη
387 1048 479 1140 παρά
495 1048 583 1130 Ῥέας
601 1049 663 1137 την
680 1049 844 1138 μαντικὴν
860 1052 1024 1137 μαθοῦσα
1037 1055 1149 1138 προῦ-
1213 1080 1218 1085 ·

129 1158 227 1236 λεγευ
242 1149 451 1243 Ἀλεξάνδρῳ
475 1149 521 1239 μη
544 1159 645 1221 πλεῖν
663 1151 719 1220 έπλ
734 1149 892 1238 Ἑλένην,
915 1149 962 1239 μὴ
978 1155 1150 1221 πείθουσα

130 1251 167 1321 δὲ
182 1250 289 1338 εἶπεν,
308 1251 368 1321 ἐάν
386 1255 517 1341 τρωθῇ,
535 1252 789 1341 παραγενέσθαι
804 1252 888 1336 πρὸς
906 1249 1029 1339 αάτήν·
1062 1252 1150 1341 μόνη
1164 1269 1190 1322 1⁰

105 1352 197 1443 ῖγάρ
214 1360 425 1443 θεραπεῦσαι
442 1353 622 1423 δύνασθαι.
647 1353 708 1424 τὸν
722 1353 760 1423 δὲ
774 1347 913 1440 Ἑλένην
932 1356 968 1423 ἐκ
988 1351 1150 1444 Σπάρτης

129 1453 289 1545 ἁρπάσαι,
307 1455 561 1544 πολεμουμένης
574 1454 613 1524 δέ
637 1464 761 1544 Τροίας
772 1454 977 1537 τοξευθέντα
994 1452 1065 1524 ῦπδ
1085 1463 1147 1526 Φι·

130 1556 291 1645 λοκτήτου
310 1556 416 1640 τόξοις
431 1555 635 1645 Ἡρακλείοις
653 1556 739 1648 πρός
761 1555 920 1644 Οἰνώνην
945 1558 1151 1627 ἐπανελθεῖν

105 1680 117 1720 ³
130 1657 288 1746 είςἽδην.
306 1655 378 1745 ἣδέ
392 1660 646 1746 μνησικακοῦσα
658 1663 869 1747 θεραπεῦσαι
881 1657 947 1727 οῦκ
959 1663 1037 1746 ἔφη.
1053 1655 1150 1729 Ἀλέ-

129 1762 273 1848 ξανδρος
290 1759 353 1848 μὲν
370 1753 436 1829 οῦν
454 1765 503 1840 είς
526 1766 651 1850 Τροίαν
665 1760 878 1848 κομιζόμενος
896 1759 1065 1846 έτελεῦτα,
1084 1767 1150 1831 οί-
1169 1776 1200 1829 1ο

129 1859 222 1948 νώυη
230 1861 267 1930 δδ
273 1861 508 1950 μετανοήσασα
516 1859 557 1929 τά
568 1860 653 1950 πρὸς
664 1869 853 1951 θεραπείαν
861 1859 1024 1949 φάρμακα
1037 1868 1151 1950 ἔφερε,

129 1964 187 2031 καὶ
204 1969 444 2050 καταλαβοῦσα
462 1961 571 2032 αῦτδν
587 1963 708 2049 νεκρόν
729 1963 854 2050 έαυτὴν
871 1959 1067 2051 άυήρτησεν.

103 2087 117 2125 4
206 2063 224 2133 ὁ
243 2064 280 2134 δέ
295 2063 446 2143 Ἀσωπός
464 2063 612 2153 ποταμός
626 2063 790 2134 Ὠκεανοῦ
807 2065 866 2133 παλ
880 2062 1027 2152 Ίηθάος,
1046 2061 1094 2144 οδς
1111 2063 1152 2134 δέ

125 2154 345 2245 Ἀκουσίλαος
363 2164 465 2253 λέγει,
482 2168 622 2253 Πηροῦς
635 2167 926 2252 καλΠοσειδώυος,
946 2161 1152 2253 ώςδέτινες,

131 2265 214 2347 Διός
232 2269 290 2337 καὶ
309 2264 523 2355 Εὐρυνόμης.
548 2257 648 2347 οῦτος
659 2268 832 2355 Μετώπην
849 2264 1041 2355 γημάμενος
1058 2263 1152 2354 (Λά-
1168 2283 1203 2337 το

130 2373 238 2450 δωνος
256 2369 294 2438 δὲ
310 2373 372 2438 τοῦ
391 2372 545 2455 ποταμοῦ
569 2368 725 2457 θυγάτηρ
743 2367 841 2456 αῦτη)
860 2368 925 2437 δῦο
942 2365 1005 2455 μέν
1024 2373 1151 2450 παῖδας

131 2469 322 2560 ἐγέννησεν,
337 2467 494 2559 Ἰσμηνδν
511 2470 570 2538 καὶ
588 2466 804 2557 Πελάγοντα,
823 2479 928 2540 είκοσι
945 2468 984 2538 δέ
996 2469 1151 2556 θυγατέ-

104 2592 204 2660 ερας,
222 2565 270 2642 ὧν
287 2572 350 2661 μὲν
368 2578 450 2660 μίαν
464 2581 612 2657 Αῖγιυαν
625 2569 755 2659 ἥρπασε
772 2570 870 2652 Ζεύς.
897 2570 1025 2657 ταύτην
1041 2569 1152 2641 Ἀσω-

1 2673 3 2681 '
130 2673 193 2753 πὸς
217 2679 322 2761 ζητών
339 2663 420 2760 ᾗκεν
439 2681 488 2751 είς
507 2671 692 2761 Κόρινθον,
714 2672 772 2742 καὶ
788 2672 957 2761 μανθάνει
973 2669 1066 2759 παρά
1086 2682 1152 2742 Σι-

131 2774 246 2862 σόφου
263 2772 322 2843 τόν
339 2773 516 2863 ἡρπακότα
534 2772 621 2843 εἶναι
639 2779 718 2845 Δία.
755 2775 844 2854 Ζεῦς
862 2772 900 2842 δέ
914 2770 1065 2844 ’Λσωπδν
1082 2772 1147 2862 μέν
1168 2791 1201 2843 εῖν

130 2874 347 2964 κεραυνώσας
372 2875 540 2945 διώκοντα
564 2876 666 2945 πάλιν
693 2877 747 2945 ἐπὶ
772 2875 814 2944 τά
841 2880 948 2944 οίιιεῖα
971 2871 1150 2963 ἀπέπεμψε

131 2979 253 3068 ῥεῖθρα
271 2974 341 3065 (διά
360 2982 460 3046 τοῦτο
477 2977 573 3065 μέχρι
585 2976 642 3045 καλ
651 2982 719 3046 νῦν
729 2979 767 3046 έκ
776 2980 845 3046 τών
858 2975 982 3046 τούτου
997 2977 1151 3067 ῥείθρων

105 3074 299 3170 οάυθρακες
315 3076 502 3168 φέρονται),
522 3088 670 3164 Αίγιυαν
686 3077 724 3146 δέ
739 3084 935 3166 εἰσκομίσας
944 3083 994 3157 είς
1001 3075 1065 3164 τὴν
1074 3078 1151 3148 τότε

134 3181 292 3269 Οἰνώνην
309 3181 494 3268 λεγομένην
511 3184 627 3268 νῆσον,
645 3184 714 3249 νῦν
732 3178 927 3267 δὲΑῖγιναν
941 3174 996 3248 ἀπ’
1016 3181 1150 3268 έκείνης

130 3289 326 3371 κληθεῖσαν,
345 3289 516 3369 μίγνυται,
529 3282 586 3351 καὶ
599 3297 715 3351 τεκνοῖ
727 3286 834 3351 παῖδα
847 3283 879 3364 ἐξ
890 3279 995 3368 αὐτῆς
1005 3281 1150 3351 Αἰακόν.
1169 3296 1203 3350 30

130 3384 241 3476 τοῦτςο
256 3384 344 3464 Ζεδς
360 3381 433 3453 όυτι
450 3382 542 3477 μόνω
562 3386 600 3454 έν
617 3388 661 3472 τῇ
679 3382 772 3476 νήσω
790 3381 872 3464 τοῦς
889 3382 1073 3472 μῦρμηκας,
1086 3382 1152 3452 άν-

106 3483 293 3575 ῖθρώπους
312 3487 456 3573 ἐποίησε.
480 3501 583 3574 γαμεῖ
600 3485 638 3554 δὲ
648 3483 778 3565 Αἰακός
792 3481 953 3573 Ἐνδηίδα
969 3481 1032 3571 τὴν
1045 3489 1153 3556 Σκεί-
