2446 3944
119 205 161 269 62
429 213 823 262 -251111-

118 389 175 443 τος
200 363 409 452 Προμηθέως
440 363 487 454 τῷ
509 358 669 450 Ἡρακλεῖ
693 357 801 429 αότδν
828 360 884 429 ἐπὶ
909 360 950 428 τά
978 362 1069 447 μῆλα
1095 359 1143 448 μὴ

119 462 337 553 πορεύεσθαι,
356 463 597 550 διαδεξάμενον
611 458 842 542 δέ”Ατλαντος
855 461 916 531 τόν
929 460 1038 532 πόλον
1050 458 1142 529 ἀπο-

120 567 272 635 στέλλειν
290 567 433 654 ἐκεῖνον,
453 565 604 643 πεισθεὶς
619 563 657 633 δέ
671 563 850 646 διεδέξατο.
871 560 992 644 ’Ἄτλας
1007 562 1045 631 δὲ
1058 567 1142 650 δρε-

121 667 272 754 ινάμενος
286 663 366 753 παρ’
380 665 586 752 Ἑσπερίδων
599 670 677 754 τρία
689 670 779 753 μῆλα
792 658 852 753 ἧκε
866 663 952 749 πρός
961 662 1140 754 Ἡρακλέα.

119 771 178 837 καλ
193 766 238 856 μὴ
254 766 462 856 βουλόμενος
476 764 537 835 τόν
551 764 658 835 πόλον
673 773 760 854 ἔχειν
775 819 783 835 .
799 820 806 834 .
827 820 834 835 .
854 767 911 835 καὶ
926 781 1071 852 σπεῖραν
1086 765 1141 834 ἐπὶ
1158 785 1175 838 5

81 905 106 943 τε
119 874 179 957 τῆς
193 873 342 957 κεφαλῆς
356 869 470 938 δέλειν
484 866 699 956 ποιήσασθαι.
726 870 828 937 τοῦτο
845 865 1141 954 ἀκούσας”Ατλας,

121 972 177 1041 ἐπὶ
192 975 253 1057 γης
267 972 427 1051 καταθεὶς
441 967 481 1039 τά
496 975 588 1056 μῆλα
602 967 664 1037 τόν
677 967 783 1038 πόλον
797 970 976 1050 διεδέξατο.
1003 968 1061 1036 καὶ
1076 965 1142 1036 06-

120 1099 185 1152 τως
204 1070 405 1160 ἀνελόμενος
420 1069 507 1140 αότά
524 1069 689 1159 Ἡρακλῆς
713 1067 951 1159 ἀπηλλάττετο.
996 1074 1079 1138 ἔνιοι
1103 1069 1145 1136 δέ

122 1197 227 1260 φασιν
241 1169 283 1242 ου’
298 1171 578 1260 παρά”Ατλαντος
593 1169 684 1240 αὐτὰ·
695 1180 826 1260 λαβεῖν,
844 1169 920 1239 ἀλλ’
937 1167 1043 1239 αὐτόν
1057 1170 1140 1258 δρέ-

82 1311 107 1350 13
120 1285 252 1356 μασθαι
263 1274 305 1342 τά
319 1279 420 1362 μῆλα,
439 1278 617 1343 κτείναντα
634 1271 695 1341 τόν
714 1276 934 1360 φρουροῦντα
953 1269 1043 1358 όφιν.
1079 1297 1140 1339 κο·
1160 1289 1192 1342 10

121 1381 220 1464 μέσας
235 1375 274 1444 δέ
286 1373 327 1444 τά
340 1380 429 1463 μῆλα
444 1369 625 1464 Εὐρυσθεῖ
642 1379 782 1444 ἔδωκεν·
811 1371 830 1442 6
848 1373 887 1442 δὲ
905 1369 1021 1462 λαβοδν
1035 1370 1140 1461 Ἡρα-

123 1485 198 1546 κλεῖ
215 1476 416 1565 ἐδωρήσατο.
454 1475 535 1563 παρ’
557 1466 600 1545 06
618 1481 772 1562 λαβοῦσα
782 1474 911 1563 Ἀθηνᾶ
930 1474 1033 1543 πάλιν
1051 1471 1140 1542 αότά

123 1576 342 1666 ἀπεκόμισεν
380 1573 474 1646 ὅσιον
492 1574 558 1663 γάρ
576 1575 640 1645 οὐκ
657 1568 701 1664 ἦν
718 1572 806 1646 αότά
823 1578 967 1663 τεθῆναί
983 1601 1060 1644 που.

68 1715 101 1766 12
198 1680 392 1748 δωδέκατον
410 1669 518 1801 66606
535 1677 680 1766 έπετάγη
695 1680 867 1767 Κέρβερον
883 1675 1024 1778 έξἍδου
1039 1681 1141 1766 κομί-

120 1788 193 1864 ζειν
231 1779 300 1867 εἶχε
326 1769 431 1849 δέ
390 1806 490 1860 ουτος
507 1793 596 1865 τρεῖς
614 1807 677 1866 μεν
695 1806 812 1850 κυνων
828 1759 996 1867 κεφαλάς,
1020 1777 1083 1864 τὴν
1102 1778 1140 1846 δέ
1160 1794 1193 1847 15

121 1880 229 1969 οόράν
248 1882 451 1969 δράκουτος,
475 1879 560 1949 κατδι
585 1881 623 1950 δέ
646 1887 707 1950 τοῦ
730 1880 842 1950 νότου
860 1886 1032 1949 παντοίων
1049 1877 1141 1965 εἶχεν

94 1983 236 2072 τόφεωυ
253 1983 413 2071 κεφαλάς.
448 1984 582 2071 μέλλων
600 1974 664 2051 οὖν
683 1984 739 2052 έπλ
756 1987 880 2051 τοῦτον
903 1980 1039 2050 ἀπιέναι
1055 1971 1142 2068 ἦλθε

121 2084 206 2173 πρός
219 2083 464 2172 Εὕμολπονείς
475 2081 665 2172 Ἐλευσῖνα,
677 2083 886 2171 βουλόμενος
895 2086 1076 2172 μυηθῆναι.
1097 2073 1142 2168 ἦν

120 2183 214 2255 δέ’
173 2212 238 2254 ουκ
253 2185 328 2268 έξδν
342 2185 503 2266 ξένοις’
462 2212 540 2254 τοτε
548 2197 722 2273 μυεισθαι,
738 2183 790 2254 διδ
801 2185 902 2265 θετὸς
912 2192 1048 2255 Πυλίου
1057 2197 1141 2264 παῖς

92 2286 301 2374 ,γενόμενος
321 2291 464 2375 έμυειτο.
492 2314 538 2375 μη
528 2284 747 2411 δυνάμενος
761 2285 799 2355 δέ
815 2285 956 2355 ἰδεῖν
916 2313 958 2354 τα
971 2283 1140 2374 μυστήρια
1157 2303 1196 2354 20

120 2387 309 2514 έπείπερ’
270 2415 333 2456 ουκ
346 2381 391 2475 ἦν
403 2386 605 2476 ἡγνισμένος
614 2387 674 2456 τδν
683 2375 894 2511 Κενταύρων
903 2386 1025 2474 φόνου,
1040 2384 1141 2472 ἀγυι-

119 2488 251 2569 σθεὶς“
229 2488 298 2559 υπό
315 2487 499 2578 Εὐμόλπου
517 2489 593 2557 τότε
612 2486 752 2578 έμυήδη.
787 2490 845 2557 καὶ
863 2486 1142 2579 παραγενόμενος

120 2593 175 2660 ἐπὶ
191 2595 414 2677 Ταίναρον
375 2618 435 2678 της
448 2593 659 2677 Λακωνικῆς,
678 2582 721 2659 06
734 2595 793 2678 τῆς
801 2588 907 2687 ᾼδου
922 2588 1141 2677 καταβάσεως

91 2692 155 2772 ,τὸ
176 2691 312 2779 στόμιον
332 2697 411 2778 ἔστι,
436 2691 491 2760 διά
515 2691 640 2761 τούτου
664 2692 788 2780 κατῄει.
824 2689 971 2778 ὁπηνίκα
989 2689 1027 2759 δέ
1046 2687 1141 2759 εἶδον

118 2791 228 2862 αὐτόν
245 2797 285 2863 αι’
299 2799 425 2879 ψυχαί,
451 2793 553 2880 χωρὶς
573 2793 778 2881 Μελεάγρου
797 2794 855 2861 καὶ
875 2791 1061 2879 Μεδοόσης
1078 2796 1142 2878 τῆς
1158 2809 1196 2862 25

119 2893 291 2983 Γοργόνος
310 2899 451 2981 ἔφυγον.
480 2896 537 2963 ἐπὶ
555 2893 594 2963 δέ
607 2895 670 2981 τὴν
680 2891 838 2984 Γοργόνα
851 2895 889 2962 τὸ
904 2896 1000 3018 ξίφος
1015 2890 1060 2972 ὥς
1073 2897 1141 2976 ζεῖ*

119 3020 183 3066 σαν
198 2997 296 3083 ἕλκει,
313 2998 371 3063 καλ
390 2993 480 3085 παρά
490 2989 613 3083 Ερμοῦ
631 2995 833 3082 μανθάνει”
812 3024 865 3066 οτι
877 2995 979 3079 κενόν
993 2998 1140 3064 εἴδωλον

91 3101 200 3176 ςέοτί.
236 3102 381 3186 πλησίον
399 3096 437 3166 δέ
461 3101 531 3164 τῶν
547 3095 653 3196 ᾉδου
679 3099 800 3165 πυλων
824 3096 1004 3184 γενόμενος
1024 3097 1140 3183 Θησέα

118 3190 196 3287 εὗρε
221 3201 279 3267 καλ
307 3204 499 3286 Πειρίθουν
523 3198 590 3266 τὸν
611 3197 831 3287 Περσεφόνης
862 3197 1140 3288 μνηστευόμενον

117 3301 228 3424 γόμον
244 3302 301 3368 καὶ
320 3298 375 3369 διά
392 3304 493 3368 τοῦτο
511 3299 665 3369 δεθέντα.
701 3300 906 3387 θεασόμενοι
920 3297 959 3367 δὲ
969 3297 1139 3385 Ἡρακλέα
1157 3311 1195 3365 30

118 3401 177 3481 τάς
194 3417 309 3489 χειρας
328 3400 457 3490 ὤρεγον
482 3396 527 3481 ἀς
552 3395 818 3490 ἀναστησόμενοι
842 3400 897 3469 διὰ
924 3405 984 3487 τῆς
1003 3402 1137 3470 ἐκείνου

92 3544 104 3582 ς
118 3510 204 3590 βίας.
233 3500 303 3572 ὃδέ
318 3502 430 3590 Θησέα
443 3501 506 3589 μέν
519 3501 705 3590 λαβόμενος
718 3507 777 3591 τῆς
790 3501 900 3593 χειρὸς
915 3500 1038 3592 ἤγειρε,
1054 3512 1140 3573 Πει-
