2446 3944
119 206 180 272 110
471 216 793 268 -3138-

118 395 238 458 γοντος
263 363 304 438 ού
330 367 501 438 δύνασθαι
526 367 629 457 χωρίς
654 366 762 438 αύτού
792 374 917 458 Τροίαν
942 371 1140 458 αίρεθήναι,

119 471 214 551 Θέτις
233 474 410 559 προειδυῖα
435 466 484 538 ὅτι
509 474 565 538 δελ
588 469 857 561 στρατευόμενον
880 466 987 539 αύτδν
1010 467 1140 539 άπολέ-

119 584 217 659 σθαι,
241 572 401 662 κρύψασα
426 573 544 659 έσθήτι
577 579 753 662 γυναικείᾳ
778 570 823 653 ιδς
846 572 1023 662 παρθένον
1046 595 1141 660 παρ-

93 699 106 738 ι
122 677 217 745 έθετο
226 728 233 743 .
243 727 266 744 ..
280 668 379 743 κάκεῑ
390 672 644 764 τρεφόμενοςτή
652 671 878 763 Λυκομήδους
889 672 1039 762 θυγατρὶ
1050 683 1141 762 Δηι-

120 781 242 866 δαμείᾳ
254 781 427 864 μίγνυται,
444 779 503 845 καλ
516 780 645 863 γίνεται
658 791 739 856 παῖς
754 775 893 865 Πύρρος
906 774 999 867 αὐτῷ
1019 767 1037 842 ό
1052 782 1139 863 κλη-
1157 794 1174 846 ο

118 880 195 958 θεὶς
207 876 442 966 Νεοπτόλεμος
457 868 568 958 αὖθις.
584 876 771 958 Ὀδυσσεύς
786 877 824 946 δέ
836 877 1035 966 μηνυθέντα
1045 876 1140 966 παρά

120 978 345 1067 Λυκομήδους
357 984 463 1066 ζηταῑν
473 977 637 1066 Ἀχιλλέα,
652 979 811 1066 σάλπιγγι
823 977 1032 1070 χρησάμενος
1046 970 1138 1066 εύρε.

117 1083 175 1150 καὶ
193 1083 315 1150 τοῦτον
333 1080 394 1150 τὸν
410 1077 537 1169 τρόπον
555 1086 603 1160 είς
627 1089 752 1169 Τροίαν
769 1072 863 1169 ήλθε.

95 1205 108 1244 ο
198 1189 375 1252 συνείπετο
389 1181 427 1250 δὲ
441 1180 534 1273 αύτῷ
546 1183 663 1263 Φοῖνιξ
678 1179 695 1250 ό
711 1181 926 1272 Ἀμύντορος,
951 1172 1052 1260 ούτος
1065 1173 1138 1250 ύπδ

119 1289 181 1352 τού
200 1281 327 1373 πατρδς
346 1282 528 1372 ἐτυφλώθη
547 1287 847 1372 καταψευσαμένης
864 1284 1002 1372 φθοράν
1018 1289 1136 1364 Φθίας
1155 1299 1187 1352 10

119 1388 176 1472 τῆς
190 1389 252 1454 τού
266 1384 393 1475 πατρὸς
403 1389 619 1466 παλλακίδος.
639 1384 776 1472 Πηλεύς
791 1385 830 1454 δὲ
839 1383 946 1454 αύτδν
954 1381 1041 1472 πρός
1052 1391 1133 1456 Χεί-

121 1513 213 1576 ριουα
227 1492 379 1575 κομίσας,
393 1481 457 1556 ὑπ’
474 1488 607 1556 ἐκείνου
619 1487 880 1575 θεραπευθέντα
893 1485 952 1567 τάς
966 1483 1059 1568 όψεις
1072 1492 1139 1574 βα-

121 1590 214 1658 σιλέα
232 1589 415 1676 κατέστησε
434 1588 615 1657 Δολόπων.

95 1710 108 1750 ⁴
198 1694 375 1758 συνείπετο
393 1687 431 1757 δὲ
448 1689 505 1757 καί
520 1688 716 1777 Πάτροκλος
734 1687 753 1758 ό
768 1693 954 1761 Μενοιτίου
964 1690 1029 1783 ,καὶ
1042 1698 1137 1759 Σθε-

120 1791 218 1878 νέλης
231 1796 290 1877 τής
303 1787 469 1861 Ἀκάστου
487 1786 723 1880 ήΠεριάπιδος
740 1795 800 1879 τῆς
811 1791 971 1881 Φέρητος,
989 1786 1010 1878 ή
1026 1789 1141 1860 καθά·
1160 1807 1192 1860 15

120 1917 183 1978 περ
201 1893 286 1980 φησὶ
313 1891 531 1982 Φιλοκράτης,
551 1892 756 1981 Πολυμήλης
773 1895 832 1979 τῆς
850 1893 1000 1981 Πηλέως.
1034 1883 1137 1973 ούτος

122 1996 159 2063 έν
173 1991 525 2079 Ὀποῦντιδιενεχθελς
543 1995 580 2063 έν
595 1998 711 2086 παιδιᾷ
729 1993 806 2083 περὶ
815 1991 1037 2084 ἀστραγάλων
1054 2007 1137 2063 παί-

121 2098 165 2163 δα
174 2094 412 2183 Κλυτύυυμον
429 2097 492 2164 τὸν
506 2093 779 2184 Ἀμφιδάμαντος
792 2091 977 2182 άπέκτεινε,
994 2093 1054 2164 καὶ
1067 2122 1137 2183 φν-

120 2194 193 2282 γεδυ
210 2194 292 2284 μετά
310 2202 374 2264 τού
391 2195 518 2286 πατρδς
536 2198 627 2287 παρὰ
646 2205 757 2285 Πηλεῖ
771 2196 931 2285 κατύκει,
949 2196 1007 2266 καὶ
1026 2195 1138 2284 Ἀχιλ-

120 2297 205 2378 λέως
224 2296 390 2386 ἐρώμενος
407 2304 546 2384 γίνεται.
567 2351 574 2367 .
595 2352 601 2366 .
775 2322 779 2328 ’
1160 2315 1195 2370 20

72 2403 113 2466 14
201 2400 340 2489 Κέκροψ
359 2398 551 2487 αὐτόχθων,
571 2397 727 2489 συμφυὲς
736 2404 821 2486 έχων
830 2402 927 2488 σῶμα
940 2395 1069 2486 άνδρδς
1083 2401 1142 2468 καλ

122 2498 325 2590 δράκοντος,
350 2507 409 2590 τῆς
429 2499 579 2588 Ἀττικῆς
599 2503 796 2588 ἐβασίλευσε
819 2506 969 2590 πρῶτος,
992 2500 1050 2568 καὶ
1076 2499 1143 2589 τήν

121 2604 188 2689 γῆν
206 2601 371 2692 πρότερον
389 2603 574 2692 λεγομένην
588 2597 708 2691 Ἀκτὴν
726 2601 782 2690 ἀφ’
804 2604 927 2672 ἑαυτοῦ
945 2607 1143 2692 Κεκροπίαν

123 2700 309 2792 ὠνόμασεν.
337 2704 392 2772 έπλ
410 2703 553 2792 τούτου,
572 2710 690 2792 φασίν,
709 2705 802 2786 ἔδοξε
819 2719 891 2784 τοῖς
908 2714 1004 2783 θεοῖς
1023 2701 1138 2784 πόλεις

121 2805 383 2892 καταλαβέσθαι,
404 2807 441 2874 έν
455 2799 508 2885 αἷς
523 2811 661 2894 ἔμελλον
675 2811 762 2893 ἔχειν
774 2805 870 2894 τιμάς
880 2809 971 2885 ίδίας
985 2806 1135 2886 ἕκαστος.
1155 2821 1190 2875 25

96 2898 202 2996 Ιιήκεν
220 2897 284 2975 οὖν
301 2910 434 2995 πρῶτος
448 2910 626 2977 Ποσειδῶν
646 2910 701 2976 ἐπὶ
719 2905 781 2995 τήν
795 2905 960 2995 Ἀττικήν,
977 2906 1034 2974 καὶ
1053 2906 1142 2994 πλήν

11 3010 12 3013 '
122 3011 181 3091 ξας
189 3011 231 3098 τῇ
250 3015 385 3098 τριαίνη
404 3007 487 3077 κατὰ
502 3007 609 3097 μέσην
626 3005 688 3096 τήν
707 3006 891 3097 ἀκρόπολιν
905 3007 1059 3096 ἀπέφηνε
1071 3007 1141 3076 θά-

122 3119 269 3197 λασσαν,
288 3106 333 3197 ἣν
356 3112 424 3179 νύν
443 3107 642 3198 Ἐρεχθηίδα
659 3115 809 3179 καλοῦσι.
844 3109 926 3199 μετά
955 3109 993 3179 δέ
1016 3111 1141 3179 τούτου

122 3206 204 3301 ήκεν
218 3209 360 3300 Ἀθηνᾶ,
377 3213 435 3279 καλ
456 3212 662 3300 ποιησαμένη
675 3214 734 3299 τῆς
748 3210 967 3300 καταλήψεως
981 3209 1143 3301 Κέκροπα

122 3314 280 3404 μάρτυρα
299 3313 487 3402 ἐφύτευσεν
507 3314 645 3401 έλαίαυ,
668 3312 775 3402 ήνύν
796 3317 833 3381 έν
851 3318 898 3407 τῷ
917 3318 1142 3407 Πανδροσείςο
1160 3327 1195 3381 30

99 3421 306 3485 ³6et'uvth.
326 3415 507 3503 γενομένης
522 3414 560 3484 δὲ
580 3421 689 3504 ἔριδος
708 3413 838 3504 άμφοῖν
852 3416 929 3505 περὶ
947 3413 1142 3505 τήςχύρας,

122 3517 272 3606 Ἀθηνᾶν
289 3520 346 3586 καὶ
366 3518 565 3609 Ποσειδῶνα
589 3516 752 3596 διαλύσας
772 3517 861 3598 Ζεύς
879 3514 992 3607 κριτάς
1017 3520 1146 3586 ἔδωκεν
