2446 3944
132 233 174 299 38
463 242 822 293 -ειιι-

106 412 120 451 4
133 390 275 467 Δαναόν
293 391 357 480 μὲν
373 383 439 461 οὑν
457 397 566 480 Βῆλος
580 394 617 460 ἐν
631 390 742 482 Λιβύη
755 389 954 484 κατῴκισεν,
963 401 1154 480 ,Αἴγυπτον

72 492 78 505 ’
133 495 171 567 δέ
191 497 228 563 ἐν
243 492 396 584 ’Ἀραβίης
416 490 454 574 δς
471 493 528 562 καί
546 492 863 582 καταστρεψάμενος
880 491 944 580 τήν
957 494 1151 582 Μελαμπύ-

133 603 204 667 δων
223 593 338 685 χάραν
356 590 418 682 ὑφ’
442 595 565 663 ἐαυτοῦ
586 589 762 681 άνόμασεν
775 604 965 681 Αἴγυπτον.
996 601 1154 681 γίνονται

133 699 171 769 δέ
191 700 226 766 ἐκ
253 698 388 766 πολλῶν
412 699 585 782 γυναικῶν
603 695 772 789 Αίγύπτῷ
795 695 859 786 μὲν
882 702 1001 777 παῖδες
1024 697 1153 787 πεντή-

107 818 120 858 5
135 825 248 886 κοντα,
266 797 453 887 θυγατέρες
467 795 506 866 δέ
520 802 649 889 Δαναῷ
662 798 880 886 πεντήκοντα.
899 797 1155 870 στασιασάντων
1171 819 1186 870 ο

135 900 172 971 δὲ
191 897 306 969 αύτῷν
323 896 480 988 ὕστερον,
499 898 637 978 Δαναδς
654 898 736 979 τοὺς
751 897 931 986 Αἰγύπτου
950 905 1077 981 παῖδας
1095 906 1154 971 δε-

133 1002 272 1089 δοικύς,
297 999 514 1091 ὑποθεμένης
529 995 677 1088 Ἀθηνᾶς
702 997 797 1092 αὑτῷ
815 1006 904 1070 ναὺν
927 1001 1154 1073 κατεσκεύασε

107 1121 119 1161 ⁶
135 1107 266 1191 πρῶτος
284 1102 340 1170 καί
354 1102 414 1182 τάς
423 1102 618 1190 θυγατέρας
633 1100 814 1190 ἐνθέμενος
829 1107 945 1190 ἔφυγε.
970 1102 1154 1192 προσσχῷν

134 1204 172 1273 δὲ
187 1203 292 1294 Ῥόδῳ
304 1200 342 1271 τό
356 1205 415 1290 τής
426 1206 569 1282 Δινδίας
583 1199 731 1291 Ἀθηνᾶς
745 1201 879 1291 ἄγαλμα
895 1203 1066 1293 ίδρύσατο.
1095 1207 1153 1276 έν·

134 1309 259 1374 τεὺθεν
283 1302 321 1372 δὲ
345 1295 427 1391 ήκεν
452 1310 501 1383 είς
520 1300 665 1395 Ἄργος,
692 1306 748 1373 καὶ
772 1304 834 1394 τήν
857 1312 1032 1393 βασιλείαν
1056 1303 1153 1400 αύτῷ
1172 1323 1202 1378 10

110 1426 122 1465 ἵ
137 1409 350 1492 παραδίδωσι
360 1402 549 1495 Ιελάνωρό
566 1406 642 1476 τότε
651 1405 852 1495 βασιλεύων.
877 1403 1030 1496 ἀνύδρου
1045 1406 1084 1477 δέ
1092 1414 1154 1496 τῆς

136 1509 247 1596 χώρας
261 1504 495 1595 ὑπαρχούσης,
515 1508 627 1596 ἐπειδή
646 1508 702 1576 καλ
718 1508 778 1588 τάς
797 1506 906 1596 πηγάς
926 1507 1065 1598 ἐξήρανε
1078 1518 1148 1580 Πο-

137 1613 260 1679 σειδῷν
277 1613 408 1695 μηνίων
428 1606 548 1701 Ἰνάχῳ
566 1609 649 1678 διότι
672 1607 735 1697 τήν
752 1605 980 1698 χύρανἭρας
1005 1611 1150 1699 ἐμαρτύ-

110 1730 240 1797 θρησεν
258 1707 356 1795 εἶναι,
374 1706 434 1790 τοὶς
451 1711 644 1798 θυγατέρας
656 1705 911 1799 ὑδρευσομένας
927 1716 1063 1798 έπεμψε.
1089 1720 1153 1800 μία

136 1810 174 1880 δὲ
184 1805 299 1880 αὑτῶν
306 1806 488 1900 Ἀμυμύνη
504 1814 649 1899 ζητοῦσα
661 1809 757 1900 ὕδωρ
771 1813 879 1900 ῥίπτει
892 1811 990 1898 βέλος
1006 1812 1062 1881 ἐπὶ
1076 1819 1152 1882 ἐλα-
1173 1830 1203 1884 15

134 1940 203 2001 φον
215 1912 272 1981 καὶ
290 1913 501 2001 κοιμωμένου
518 1913 679 2002 Σατύρου
696 1912 868 2000 τυγχάνει,
885 1909 1042 1994 κάκετνος
1055 1938 1152 2003 περι*

135 2011 283 2092 αναστάς
298 2013 461 2101 ἐπεθύμει
476 2015 717 2101 συγγενέσθαι·
744 2018 959 2094 Ποσειδῶνος
973 2013 1012 2083 δὲ
1026 2018 1149 2102 ἐπιφα-

133 2116 252 2193 νέντος
275 2111 294 2182 ὑ
321 2113 477 2202 Σάτυρος
500 2115 564 2203 μὲν
589 2121 733 2202 ἔφυγεν,
761 2112 944 2203 Ἀμυμοίνη
971 2115 1009 2184 δέ
1038 2115 1152 2209 τούτῷ

136 2215 385 2302 συνευνάζεται,
403 2217 459 2284 καὶ
474 2211 563 2305 αύτή
579 2220 756 2286 Ποσειδῶν
773 2216 834 2296 τδις
855 2218 892 2286 ἐν
906 2216 1020 2306 Λέρνη
1040 2213 1152 2307 πηγάς

98 2341 114 2391 5
135 2316 309 2405 ἐμήνυσεν.
346 2321 382 2385 οί
398 2316 437 2385 δὲ
455 2318 635 2404 Αἰγύπτου
653 2322 772 2398 παῖδες
792 2315 950 2399 ἐλθόντες
968 2325 1018 2397 είς
1025 2316 1151 2408 Ἀργος
1168 2339 1203 2392 20

131 2425 191 2506 τής
208 2445 243 2487 τε
261 2424 387 2506 ἔχθρας
405 2417 603 2488 παύσασθαι
617 2418 830 2503 παρεκάλουν
847 2421 904 2488 καὶ
922 2418 982 2498 τός
998 2421 1152 2505 θυγατέ-

134 2547 193 2608 ρας
208 2517 317 2588 αύτού
331 2535 452 2607 γαμεῖν
470 2515 599 2606 ήξίουν.
634 2518 772 2600 Δαναός
787 2519 824 2588 δὲ
838 2517 908 2608 ἅμα
921 2520 984 2607 μὲν
998 2518 1152 2590 άπιστῷν

132 2619 248 2690 αύτῷν
265 2633 336 2700 τοῖς
355 2621 613 2710 ἐπαγγέλμασιν,
632 2620 700 2709 ἅμα
714 2620 752 2690 δέ
767 2623 824 2689 καὶ
838 2625 1054 2709 μνησικακῶν
1071 2623 1151 2709 περὶ

132 2727 257 2809 φυγῆς,
277 2714 443 2808 ὑμολόγει
455 2721 535 2802 τοὺς
548 2722 679 2810 γάμους
697 2723 754 2790 καὶ
769 2722 945 2808 διεκλήρου
960 2721 1020 2802 τός
1032 2721 1169 2812 κόρας]

107 2821 401 2910 ε’Ῥπερμνήστραν
414 2822 477 2909 μὲν
486 2815 550 2891 οὖν
559 2824 621 2911 τήν
634 2825 868 2911 πρεσβυτέραν
879 2825 1007 2905 ἐξεῖλον
1017 2832 1152 2909 Δυγκεί
1167 2844 1202 2898 25

132 2925 188 2992 καλ
207 2921 431 3010 Ιλιργοφόνην
450 2934 599 3008 Πρωτεῖ·
636 2914 730 2993 οὑτοι
753 2923 820 3012 γάρ
840 2927 875 2992 ἐκ
893 2929 1064 3012 βασιλίδος
1082 2952 1149 3011 γυ-

107 3049 119 3088 ε
133 3022 454 3113 ναικδςἈργυφίης
467 3023 680 3110 ἐγεγόνεισαν
690 3025 867 3117 Αἰγύπτῳ.
894 3031 964 3093 τῷν
973 3025 1011 3094 δέ
1021 3028 1150 3094 λοιπῶν

134 3133 255 3216 ἔλαχον
264 3124 423 3215 Βούσιρις
432 3123 495 3214 μέν
508 3128 565 3196 καὶ
576 3124 773 3214 Ἐγκέλαδος
784 3126 841 3195 καὶ
855 3124 971 3208 Λύκος
984 3128 1042 3195 καὶ
1058 3133 1150 3198 Δαλ-

77 3290 78 3293 ,
133 3256 231 3316 φροιν
249 3229 308 3306 τὰς
323 3229 451 3320 Δαναῷ
469 3234 690 3316 γεννηθείσας
706 3229 738 3310 ἐξ
758 3225 929 3317 Εύρῷπης
943 3225 1150 3316 Αύτομάτην

131 3327 335 3418 Ἀμυμώνην
345 3323 494 3417 Ἀγαυήν
505 3328 645 3417 Σκαιήν.
665 3319 766 3399 αὑται
780 3328 818 3398 δέ
833 3331 869 3398 έκ
882 3333 1056 3416 βασιλίδος
1073 3333 1148 3416 ἐγε-
1168 3347 1203 3400 30

133 3459 233 3500 νοντο
244 3434 384 3521 Δαναῷ,
402 3434 437 3500 ἐκ
451 3430 490 3499 δὲ
500 3429 736 3519 Ἐλεφαντίδος
747 3427 948 3519 Γοργοφόνη
962 3431 1019 3500 καὶ
1029 3427 1148 3519 ’Τπερ-

108 3533 308 3620 ιμνήστρα.·
327 3533 484 3616 Λυγκεύς
502 3532 540 3601 δέ
555 3533 717 3619 Καλύκην
737 3538 866 3619 ἔλαχεν,
878 3528 1011 3621 Ἴστρος
1026 3531 1063 3600 δὲ
1078 3525 1150 3602 Ἰπ-
