2446 3944
106 174 148 241 74
438 187 800 238 -εειε-

106 340 141 405 οί
155 330 396 427 Ἀριστοδήμου
415 341 534 418 παῖδες
554 341 713 425 Προκλῆς
730 337 788 406 καὶ
808 335 1029 425 Εὐρυσθένης
1044 343 1063 425 ἔ,

106 444 167 506 λον
185 446 320 525 λίθους,
339 438 559 526 Κρεσφόντης
578 437 616 507 δὲ
634 439 841 526 βουλόμενος
858 438 1045 526 Μεσσήνην

105 553 179 626 χείν
203 544 265 628 χής
291 541 428 628 ἐνέβαλε
457 544 580 628 βῦλον.
615 539 738 628 ταύτης
764 539 802 609 δὲ
821 545 1063 627 διαλυθείσης,

80 638 189 720 ντοῦς
207 641 271 712 δύο
285 640 432 729 κλήρους
447 637 672 729 ἀναφανῆναι.
700 644 923 729 ἑλκυσθείσης
939 640 977 710 δὲ
991 645 1063 730 πρά

105 741 169 826 μλν
187 745 247 829 της
271 743 442 831 Τημένου,
467 744 626 831 δευτέρας
654 742 692 812 δὲ
716 745 775 830 της
798 746 869 812 τῦν
883 738 1063 832 Ἀριστοδή

72 860 89 913 θ
109 847 256 930 παίδων,
277 842 464 932 Μεσσήνην
484 851 582 934 ἔλαβε
597 843 827 932 Κρεσφόντης.
848 844 905 914 ἐπὶ
919 843 957 914 δὲ
971 859 1063 931 τοῐςχ

106 960 184 1032 μοῖς
202 940 253 1026 οἷς
274 952 415 1033 ἔθυσαν,
435 935 537 1036 εὖρον
555 960 675 1035 σημεῖα
693 953 830 1033 κείμενα
845 950 882 1014 οί
891 944 954 1033 μὲν
968 945 1063 1033 λαχόι

98 1043 222 1133 Ἀργος
240 1050 387 1137 φρῦνον,
407 1052 444 1117 οί
459 1046 497 1116 δὲ
511 1052 750 1135 Λακεδαίμονα
764 1047 922 1134 λαχόντες
941 1047 1063 1136 δράκον

82 1152 143 1217 νοί
160 1147 197 1216 δὲ
215 1147 401 1237 Μεσσήνην
419 1145 587 1218 άλιύπεκα.
611 1148 688 1237 περὶ
707 1148 746 1217 δὲ
763 1153 832 1218 τῦν
847 1154 995 1236 σημείων
1009 1154 1063 1217 ἔλε

107 1253 143 1320 οί
157 1249 304 1336 μάντεις,
321 1264 393 1329 τοῖς
411 1248 474 1336 μὲν
492 1248 553 1318 τόν
571 1251 706 1339 φρῦνον
724 1254 974 1338 καταλαβοῦσιν
994 1250 1052 1318 ἐπὶ

108 1349 238 1430 πόλεως
255 1351 369 1439 με’νειν
387 1347 524 1438 άμεινον
542 1349 603 1441 (μή
621 1347 687 1438 γάρ
707 1358 794 1440 ἔχειν
812 1345 920 1438 άλκήν
938 1351 1063 1439 πορευό

107 1453 216 1522 νοντό
230 1451 382 1543 θηρίον),
400 1449 479 1535 τοῦς
494 1453 532 1522 δὲ
547 1454 715 1540 δράκοντα
728 1451 979 1541 καταλαβόντας
994 1457 1063 1522 δειν

111 1553 265 1634 ἐπιόντας
280 1559 397 1640 ἔλεγον
417 1560 565 1642 ἔσεσθαι,
583 1553 663 1635 τοῦς
678 1554 716 1623 δὲ
728 1553 792 1642 τήν
804 1550 963 1623 άλόπεκα
978 1559 1063 1623 δολίι

83 1673 96 1714 ³
193 1654 340 1743 Ῥήμενος
370 1653 434 1743 μὲν
460 1647 526 1726 οῦν
556 1654 860 1744 παραπεμπόμενος
891 1655 971 1734 τοῦς
1002 1671 1063 1725 παλ

106 1753 268 1842 Ἀγέλαον
279 1758 336 1826 καλ
348 1751 560 1847 Εῦρύττνλον
570 1759 626 1827 καί
637 1764 801 1843 Καλλίαν,
810 1760 850 1846 τή
861 1758 1010 1852 θυγατρὶ
1021 1783 1063 1844 πρ

111 1872 244 1948 αυείχεν
257 1854 421 1947 Ὑρνηθοῖ
435 1860 491 1928 καὶ
506 1865 555 1951 τῷ
574 1858 697 1948 ταύτης
712 1856 813 1945 άνδρί
827 1857 1022 1948 Δηιφόντη.
1045 1856 1063 1926 ὅ

110 1964 147 2028 οἱ
162 1963 279 2041 παῖδες
297 1967 457 2030 πείθουσι
475 1966 616 2042 Τιτᾶνας
636 1963 691 2032 ἐπὶ
709 1964 823 2051 μισθῷ
840 1958 900 2028 τόν
915 1962 1043 2049 πατέρα

83 2064 180 2130 ίτῦν
198 2067 374 2147 φονεῦσαι.
401 2063 588 2150 γενομένου
608 2061 646 2131 δὲ
663 2066 724 2131 τοῦ
744 2060 854 2149 φόνου
873 2059 935 2147 τήν
952 2066 1063 2147 βασιλι

109 2159 294 2250 δστρατός
324 2168 411 2249 ἔχειν
441 2165 639 2234 ἐδικαίωσεν
666 2163 827 2253 Ὑρνηθοῖ
856 2165 912 2231 καί
938 2161 1063 2250 Δηιφόι

111 2263 330 2351 Κρεσφόντης
348 2263 386 2333 δὲ
405 2261 445 2334 ού
464 2262 575 2334 πολύν
590 2266 773 2354 Μεσσήνης
786 2262 990 2352 βασιλεύσας
1004 2265 1063 2351 χρό

85 2363 193 2453 ῡμετά
213 2364 277 2435 δύο
297 2371 429 2436 παίδων
448 2367 632 2451 φονευθεὶς
652 2364 814 2437 άπέθανε.
847 2363 1063 2452 Πολυφόντης

113 2468 342 2557 ἐβασίλευσεν,
357 2465 472 2538 αύτῶν
484 2472 554 2536 τῦν
565 2466 792 2556 Ἡρακλειδῶν
806 2463 983 2555 ὑπάρχων,
997 2468 1054 2534 καί

111 2574 174 2637 τοῦ
199 2571 428 2654 φονευθέντος
453 2584 601 2656 γυναῖκα
626 2568 780 2640 άκυυσαν
805 2568 974 2656 Μερόπην
1000 2573 1063 2652 ἔλα,

111 2667 264 2758 ἆνηρέθη
277 2669 314 2738 δὲ
324 2671 381 2739 καί
390 2664 500 2751 οὗτος.
519 2677 633 2756 τρίτον
647 2669 713 2762 γάρ
727 2676 850 2760 ἔχουσα
858 2674 971 2745 ,παῖδα
985 2677 1063 2756 Μερ

112 2768 322 2859 καλούμενον
341 2781 496 2842 Αίπυτον
521 2777 627 2842 ἔδωκε
650 2778 698 2865 τῷ
726 2773 846 2858 ἑαυτῆς
865 2769 966 2859 πατρὶ
984 2771 1063 2857 τρέφ

86 2862 211 2952 ιοῦτος
236 2871 426 2957 ἀνδρωθεὶς
450 2875 507 2941 καί
531 2873 645 2962 κρύφα
669 2873 843 2944 κατελθων
870 2878 993 2941 ἔκτεινε
1012 2882 1063 2942 Πο

114 2973 245 3062 φόντην
263 2975 319 3043 καί
337 2972 400 3060 τήν
419 2974 579 3065 πατρῴαν
596 2982 774 3063 βασιλείαν
791 2973 969 3062 άπέλαβεν.

74 3089 94 3144 θ
186 3074 276 3146 Ἐπεί
303 3074 341 3145 δὲ
366 3073 404 3144 τό
427 3073 585 3163 Ἰνάχειον
610 3075 817 3165 διερχόμενοι
841 3076 939 3162 γε’νος
962 3071 1044 3154 τοῦς

113 3175 226 3262 Βήλου
245 3178 340 3267 με’χρι
358 3182 427 3246 τῶν
441 3175 667 3264 Ἡρακλειδῶν
686 3175 943 3265 δεδηλώκαμεν,
965 3177 1063 3262 ε’χομέ

114 3277 265 3368 λάχωμεν
283 3279 339 3347 καί
357 3278 397 3347 τά
416 3279 493 3368 περὶ
508 3276 694 3368 Ἀγήνορος.
733 3277 779 3360 ὦς
792 3278 858 3367 γάρ
872 3275 954 3367 ήμῐν
967 3279 1064 3345 λέλεκ

115 3378 179 3449 δύο
198 3382 310 3472 Λιβύη
330 3380 489 3469 ἐγέννησε
508 3386 632 3461 παῖδας
652 3384 688 3450 ἐκ
704 3385 930 3467 Ποσειδῶνος,
946 3381 1058 3466 Βήλου

89 3475 288 3572 εἈνήνορα.
323 3487 433 3568 Βῆλος
456 3481 519 3568 μὲν
544 3474 609 3552 οῦν
627 3482 815 3570 βασιλεύων
835 3487 1063 3568 Αίγυπτίωντ
