2446 3944
106 175 146 239 12
438 182 799 233 -1635—

105 335 231 420 πέτρας
251 332 298 402 ἐπ’
319 329 425 400 αὐτόν
443 331 502 400 τὸν
516 327 665 419 οῦρανδν
679 328 760 418 μετά
776 335 951 417 συριγμῶν
965 323 1053 417 ὁμοῦ
1069 331 1132 400 καὶ

104 441 188 521 βοῆς
215 435 367 522 ἐφέρετο·
403 432 512 520 πολλὴ
534 431 571 501 δ”ε
592 435 628 501 ἐκ
646 438 709 500 τοῦ
734 431 897 519 στόματος
915 428 1026 521 πυρός
1053 433 1130 513 ἐξέ-

79 542 234 625 θβρασσε
254 537 342 623 ζάλη.
378 535 453 602 θεοὶ
472 533 510 602 δδ
525 533 570 612 σός
588 531 683 602 εἶδον
700 530 807 602 αύτδν
826 529 875 601 ἐπ’
895 528 1048 619 οῦρανόν
1066 532 1130 620 ὁρ-

105 639 276 725 μώμενον,
295 641 343 715 εἰς
362 645 542 722 Αίγυπτον
555 634 707 722 φυγάδες
727 634 900 723 ἐφέροντο,
919 634 975 702 καλ
999 635 1128 704 διωκύ·

80 758 199 828 ιμενοι
215 739 275 818 τάς
295 737 387 816 ἰδέας
405 738 588 824 μετέβαλον
605 743 654 815 εἰς
672 738 746 827 ζῷα.
774 734 862 816 Ζεύς
876 735 915 804 δέ
928 733 1047 827 πόρρω
1060 738 1160 824 μδυε

106 837 187 909 ὄντα
212 842 362 927 Τυφῶνα
381 843 500 925 ἐβαλλε
517 852 708 927 κεραυνοῖς,
727 843 871 924 πλησίον
884 836 922 905 δδ
940 835 1132 925 γενόμενον

108 941 322 1030 ἀδαμαντίνῃ
339 941 542 1027 κατέπτηξεν
559 938 670 1029 ἅρπη,
695 939 752 1007 καὶ
770 937 944 1026 φεύγοντα
961 936 1039 1027 άχρι
1065 943 1129 1009 τοῦ

108 1048 242 1112 Κασίου
261 1040 365 1131 ὅρους
383 1042 581 1122 συνεδίωξε·
607 1042 709 1108 τοῦτο
723 1039 762 1109 δὲ
774 1038 968 1129 ὑπέρκειται
987 1049 1127 1130 Συρίας

105 1153 197 1213 κεῖθι
213 1143 251 1212 δδ
270 1137 378 1210 αύτδν
396 1141 687 1230 κατατετρωμένον
707 1139 792 1209 ίδοδν
816 1149 865 1221 είς
888 1155 1003 1231 χεῖρας
1021 1143 1130 1211 συνέ-

80 1252 199 1332 δβαλε.
237 1238 365 1330 Τυφοδν
383 1242 422 1312 δδ
439 1256 513 1323 ταῖς
537 1248 688 1332 σπείραις
706 1243 941 1331 περιπλεχθεὶς
965 1243 1130 1331 κατέσχεν
1145 1263 1166 1315 14

106 1343 229 1431 αύτόν,
253 1346 310 1413 καὶ
334 1341 396 1431 τὴν
421 1341 532 1433 ἅρπην
550 1343 783 1433 περιελόμενος
805 1343 846 1410 τά
864 1370 899 1412 τε
916 1349 986 1411 τῶν
1003 1350 1130 1434 χειροῖν

106 1447 255 1516 καὶτῶν
278 1451 395 1516 ποδῶν
421 1446 549 1536 διέτεμε
573 1450 697 1534 νεῦρα,
721 1439 888 1535 άράμενος
912 1444 955 1513 δὲ.
977 1445 1032 1514 ἐπὶ
1058 1449 1130 1516 τῶν

108 1547 209 1636 ὤμων
227 1546 415 1634 διεκόμισεν
433 1544 540 1615 αῦτδν
557 1544 614 1614 διά
631 1548 689 1632 τῆς
707 1545 882 1632 θαλάσσης
901 1554 949 1625 είς
969 1554 1127 1616 Κιλικίαν

81 1669 93 1708 9
107 1648 164 1716 καὶ
174 1647 357 1737 παρελθών
366 1653 414 1728 είς
427 1648 466 1716 τδ
480 1647 662 1737 Κωρύκιον
677 1644 802 1734 άντρον
815 1647 985 1716 κατέθετο.
1001 1645 1128 1735 ὁμοίως

107 1749 145 1818 δδ
170 1751 227 1818 καὶ
252 1748 293 1817 τά
317 1753 425 1838 νεῦρα
449 1748 585 1839 κρύψας
603 1746 727 1836 άρκτου
752 1753 838 1839 δορᾷ
856 1757 947 1817 κεῖθι
964 1745 1125 1836 άπέθετο,
1145 1769 1166 1820 11

107 1851 163 1920 καὶ
181 1849 362 1938 (φύλακα)
380 1851 561 1939 κατέστησε
574 1848 763 1938 Δελφύνην
775 1849 972 1939 δράκαιναν·
996 1848 1128 1939 ἡμίθηρ

109 1953 148 2021 δὲ
165 1945 209 2038 ἦν
228 1950 314 2039 αῦτη
332 1952 354 2040 ἡ
371 1951 465 2041 κόρη.
494 1953 615 2040 Ἑρμῆς
634 1951 672 2020 δὲ
690 1952 747 2019 καὶ
765 1957 920 2038 Αίχίπαν
939 1952 1128 2034 ἐκκλέψαν-

71 2074 96 2112 1⁰
111 2080 165 2132 τες
182 2052 224 2121 τά
242 2059 350 2140 νεῦρα
367 2050 522 2140 ἥρμοσαν
538 2058 587 2144 τῷ
607 2052 666 2122 Διί
685 2050 857 2132 λαθόντες.
895 2051 983 2131 Ζεύς
1002 2052 1040 2121 δὲ
1063 2052 1127 2139 τὴν

110 2159 202 2224 ίδίαν
220 2149 508 2242 ἀνακομισάμενος
528 2153 629 2241 ίσχῦν
647 2154 807 2240 ἐξαίφνης
827 2155 859 2234 ἐξ
877 2151 1048 2244 ούρανοῦ,
1074 2155 1128 2222 ἐπὶ

109 2262 247 2342 πτηνῶν
271 2252 456 2343 ὀχούμενος
480 2259 595 2324 ἵππων
619 2253 758 2344 ἅρματι,
787 2255 925 2342 βάλλων
947 2271 1128 2344 κεραυνοῖς
1145 2276 1166 2326 τι

108 2343 159 2424 ’ἐπ’
185 2356 265 2442 ὅρος
291 2358 407 2437 ἐδίωξε
434 2361 585 2442 Τυφῶνα
608 2352 850 2445 τὸλεγόμενον
869 2358 1011 2444 Νῦσαν,
1038 2354 1126 2426 ὅπου

109 2473 223 2546 μοῖραι
246 2456 353 2528 αύτδν
378 2457 565 2544 διωχθέντα
586 2451 782 2545 ἠπάτησαν·
814 2458 966 2538 πεισθείς
989 2457 1055 2544 γάρ
1077 2457 1127 2526 ὅτι

110 2559 320 2647 ῥωσθήσεται
336 2565 483 2646 μᾶλλον,
506 2556 667 2646 ἐγεύσατο
692 2565 762 2627 τῶν
780 2558 958 2649 ἐφημέρων
975 2565 1126 2645 καρπῶν.

72 2680 96 2718 11
110 2658 226 2749 διόπερ
246 2658 504 2747 ἐπιδιωκόμενος
522 2651 623 2741 αὖθις
640 2651 721 2749 ἧκεν
739 2665 788 2741 είς
807 2659 965 2751 Θράκην,
985 2661 1043 2728 καὶ
1060 2687 1128 2746 μα-

109 2761 250 2849 χόμενος
269 2761 346 2848 περὶ
364 2761 426 2830 τὸν
446 2757 558 2848 Αἷμον
582 2761 644 2831 ῦλα
670 2760 810 2851 ἔβαλλεν
836 2761 908 2852 όρη.
940 2759 1072 2830 τούτων
1090 2761 1128 2830 δέ
1145 2783 1166 2831 ει

111 2861 159 2931 ἐπ’
181 2857 289 2932 αῦτδν
313 2862 382 2931 ύπδ
401 2868 465 2932 τοῦ
487 2867 656 2952 κεραυνοῦ
681 2864 785 2932 πάλιν
797 2861 1013 2950 ,ὠθουμένων
1040 2854 1141 2931 πολύΙ

111 2963 166 3032 ἐπὶ
183 2970 246 3033 τοῦ
265 2962 368 3051 ὅρους
388 2965 564 3046 ἐξέκλυσεν
582 2961 680 3053 αἷμα·
710 2964 767 3032 καὶ
781 2964 888 3050 φασίν
904 2966 940 3032 ἐκ
953 2964 1077 3034 τούτου
1090 2961 1128 3033 τῦ

71 3085 97 3124 12
111 3065 189 3153 ὅρος
214 3071 379 3155 κληθῆναι
402 3061 523 3154 Αἷμον.
559 3065 701 3154 φεύγειν
724 3063 763 3133 δέ
786 3061 996 3152 ὁρμηθέντος
1020 3061 1128 3134 αῦτοῦ

111 3168 165 3235 διά
192 3170 249 3254 τῆς
270 3171 444 3254 Σικελικῆς
467 3167 660 3254 θαλάσσης,
676 3165 774 3245 Ζεῦς
800 3166 980 3256 ἐπέρριψεν
998 3177 1129 3254 Αἴτνην

111 3266 190 3355 ὅρος
215 3270 252 3337 ἐν
272 3275 427 3359 Σικελίᾳ·
463 3270 564 3337 τοῦτο
588 3268 626 3336 δὲ
648 3266 879 3353 ὑπερμέγεθές
898 3272 1005 3353 ἐστιν,
1032 3269 1064 3346 ἐξ
1084 3257 1125 3334 οῦ
1144 3285 1166 3336 3ι

111 3370 206 3458 μέχρι
224 3367 328 3455 δεῦρό
342 3391 446 3456 φασιν
461 3367 529 3438 άπδ
543 3372 614 3438 νῦν
627 3371 1018 3462 βληθέντωνκεραυνάν
1031 3374 1126 3453 γίνε·

112 3480 192 3538 σθαι
210 3470 318 3558 πυρὸς
338 3468 596 3557 άναφυσήματα.
