2446 3944
112 202 172 267 116
434 212 811 262 —31542u

83 360 147 443 ³39
166 359 273 431 αύτοῦ
291 367 340 454 τῷ
359 362 454 430 παιδὶ
473 360 535 450 τήν
552 359 727 450 θυγατέρα
753 360 949 454 συνῴκισεν.
988 364 1132 450 ἐπιβου-

109 463 220 533 λεύων
234 463 272 533 δὲ
288 463 432 552 ὕστερον
446 469 599 556 Τεγυρίῳ
609 462 806 550 καταφανής
816 470 958 550 γίνεται,
972 464 1030 532 καλ
1044 463 1133 551 πρὸς

106 565 332 646 Ἐλευσινίους
351 563 480 653 φεύγει,
504 566 562 632 καὶ
581 570 699 650 φιλίαν
717 578 859 633 ποιεῖται
887 565 973 654 πρδς
992 563 1130 645 αύτούς.

109 657 211 746 αὖθις
226 666 264 735 δὲ
274 665 430 755 Ἰσμάρου
443 665 702 755 τελευτήσαντος
711 668 967 755 μεταπεμφθεὶς
979 664 1049 736 ύπδ
1066 676 1130 748 Τε-

108 774 232 856 γυρίου
247 775 477 856 παραγίνεται,
491 769 548 836 καὶ
563 766 625 855 τήν
639 767 705 855 πρδ
721 770 781 837 τοῦ
796 768 908 855 μάχην
921 768 1131 857 διαλυσάμε-
1150 793 1167 842 5

82 885 167 949 4νος
188 868 251 956 τήν
273 875 447 958 βασιλείαν
470 869 649 957 παρέλαβε.
691 869 747 935 καὶ
773 871 923 958 πολέμου
949 868 1132 950 ἐνστάντος

112 968 409 1059 πρδςἈθηναίους
418 984 488 1050 τοῖς
494 967 721 1056 Ἐλευσινίοις,
736 972 927 1059 ἐπικληθεὶς
935 969 1005 1040 ύπδ
1012 969 1129 1042 Ἐλευ-

110 1080 229 1141 σινίων
242 1072 323 1160 μετὰ
336 1073 462 1159 πολλής
473 1071 651 1159 συνεμάχει
661 1077 808 1161 Θρηικαῖν
822 1073 1011 1162 δυνάμεως.
1036 1068 1128 1162 Ἐρε-

108 1184 188 1261 χθεϊ
203 1173 242 1241 δὲ
258 1173 347 1261 ύπδρ
364 1168 555 1261 Ἀθηναίων
573 1179 669 1261 νίκης
682 1175 846 1267 χρωμένῳ
861 1180 1001 1263 ἔχρησεν
1016 1173 1130 1254 ὁθεδς

108 1273 339 1361 κατορθώσειν
362 1273 423 1342 τὸν
447 1273 613 1362 πόλεμον,
646 1273 707 1343 ἐάν
729 1283 813 1362 μίαν
833 1281 902 1345 τῶν
925 1277 1129 1364 θυγατέρων
1150 1294 1169 1344 ιι

82 1374 232 1464 5σφάξη.
264 1377 321 1444 καὶ
340 1374 529 1462 σφάξαντος
547 1373 653 1446 αύτού
667 1375 729 1464 τήν
746 1376 917 1465 νεωτάτην
930 1379 1042 1446 καλαί
1057 1387 1131 1446 λοι-

108 1479 169 1546 παὶ
196 1475 318 1557 ἑαυτάς
343 1477 571 1564 κατέσφαξαν·
600 1480 802 1564 ἐπεποίηντο
827 1477 905 1567 γάρ,
931 1477 977 1558 αἱς
997 1479 1132 1567 ἔφασάν

108 1605 206 1664 τινες,
231 1584 449 1665 συνωμοσίαν
465 1577 626 1664 ἀλλήλαις
645 1579 909 1648 συναπολέσθαι.
945 1583 1132 1668 γενομένης

109 1679 148 1747 δὲ
156 1679 238 1766 μετά
248 1678 309 1766 τήν
319 1679 455 1766 σφαγήν
464 1681 524 1767 τῆς
532 1677 827 1769 μάχηςἘρεχθεύς
836 1681 899 1767 μὲν
908 1678 1042 1750 άνείλεν
1052 1679 1128 1752 Eff-

73 1798 90 1849 5
108 1788 250 1868 μολπον,
271 1784 486 1862 Ποσειδῶνος
504 1780 543 1849 δὲ
556 1781 613 1851 καὶ
627 1780 686 1852 τόν
697 1779 854 1870 Ἐρεχθέα
868 1781 1000 1870 καλιήν
1014 1789 1131 1852 οἰκίαν
1150 1801 1169 1852 1ι

108 1880 214 1950 αύτοῦ
233 1881 496 1969 καταλύσαντος,
517 1886 656 1971 Κέκροψ
674 1880 692 1952 ὁ
706 1883 936 1970 πρεσβύτατος
950 1887 1019 1953 τῶν
1034 1882 1131 1971 Ἐρε-

107 1982 218 2071 χθέως
236 1988 369 2052 παίδων
384 1986 614 2072 ἐβασίλευσεν,
634 1981 670 2064 ὃς
684 1981 791 2070 γήμας
807 1985 1052 2073 Μητιάδουσαν
1065 1985 1131 2074 τήν

82 2102 94 2141 2
110 2083 322 2171 Εὐπαλάμου
337 2088 442 2152 παῖδα
456 2087 618 2155 ἐτέκνωσε
632 2088 819 2157 Πανδίονα.
847 2078 947 2166 οὗτος
960 2084 1041 2173 μετά
1056 2089 1129 2156 Κέ-

43 2251 53 2268 ,
107 2208 217 2273 κροπα
234 2185 424 2273 βασιλεύων
442 2184 510 2255 ύπδ
529 2191 598 2255 τῶν
613 2193 786 2274 Μητίονος
803 2189 891 2255 υἱῶν
910 2187 993 2255 κατά
1008 2187 1129 2256 στάσιν

109 2286 284 2374 ἐξεβλήθη,
301 2287 358 2354 καὶ
376 2287 650 2376 παραγενόμενος
669 2295 717 2368 είς
736 2286 882 2376 Μέγαρα
901 2287 985 2375 πρὸς
1000 2287 1128 2358 Πύλαν
1147 2309 1169 2357 2ι

83 2405 96 2444 3
110 2384 172 2474 τήν
187 2391 320 2457 ἐκείνου
330 2390 504 2478 θυγατέρα
516 2397 654 2459 Πυλίαν
667 2401 779 2476 γαμεῖ.
807 2381 909 2469 αύθις
921 2390 978 2458 καλ
989 2393 1048 2476 τής
1058 2390 1128 2458 πύ-

107 2497 191 2568 λεως
204 2489 364 2575 βασιλεύς
380 2487 435 2558 ὑπ’
452 2488 556 2577 αύτής
569 2497 786 2559 καθίσταται·
818 2496 951 2571 κτείνας
965 2489 1032 2578 γάρ
1047 2492 1128 2560 Πύ-

107 2597 167 2668 λας
184 2589 245 2658 τὸν
262 2595 324 2659 τού
342 2589 470 2680 πατρὸς
489 2589 638 2679 άδελφόν
652 2597 779 2661 Βίαντα
796 2589 858 2676 τήν
875 2597 1052 2679 βασιλείαν
1070 2596 1128 2661 δί-

107 2694 190 2759 δωσι
209 2696 394 2778 Πανδίονι,
419 2689 522 2771 αύτδς
547 2692 585 2761 δὲ
604 2699 652 2772 είς
671 2690 937 2780 Πελοπόννησον
962 2692 1029 2761 σύν
1053 2697 1126 2784 λαῷ

108 2792 379 2880 παραγενόμενος
396 2799 495 2874 κτίζει
513 2793 612 2862 πόλιν
630 2795 760 2866 Πύλον.
1145 2814 1169 2863 α

81 2914 95 2951 4
185 2898 354 2964 Πανδίονι
372 2892 410 2962 δὲ
430 2897 466 2961 έν
481 2894 652 2982 Μεγάροις
667 2893 737 2963 ὅντι
755 2901 872 2974 παῖδες
888 2896 1044 2980 ἐγένοντο
1059 2902 1127 2965 Αί-

108 2993 189 3080 γεύς
201 2994 341 3075 Πάλλας
358 3005 465 3073 Νῖσος
480 2994 602 3075 Λύκος.
632 3001 714 3064 ἔνιοι
728 2996 766 3065 δὲ
781 2997 890 3083 Αἰγέα
905 3004 1061 3084 Σκυρίου
1076 3007 1125 3065 εί-

72 3114 91 3166 6
107 3122 164 3164 ναι
181 3097 349 3182 λέγουσιν,
364 3094 603 3185 ὑποβληθῆναι
615 3095 654 3165 δὲ
671 3096 741 3165 ύπό
757 3103 958 3176 Πανδιόνος.
990 3098 1073 3184 μετὰ
1089 3097 1127 3166 δὲ

107 3196 169 3283 τήν
180 3203 373 3277 Πανδίονος
386 3197 544 3287 τελευτήν
559 3201 594 3266 οί
607 3202 724 3278 παῖδες
739 3197 845 3268 αύτοῦ
861 3198 1127 3287 στρατεύσαντες

109 3296 157 3366 ἐπ’
175 3293 321 3386 Ἀθήνας
347 3299 504 3387 ἐξέβαλον
528 3300 608 3379 τούς
627 3303 835 3387 Μητιονίδας
860 3301 917 3368 καὶ
935 3299 998 3386 τήν
1016 3297 1125 3390 άρχήν
1142 3314 1169 3369 3(

107 3403 248 3489 τετραχή
269 3407 409 3470 διεῖλον
429 3399 497 3487 εἶχε
516 3401 609 3496 δὲτὰ
629 3407 699 3470 πᾶν
716 3401 837 3488 κράτος
856 3401 993 3487 Αίγεύς.
1025 3416 1129 3489 γαμεί

109 3502 147 3570 δὲ
160 3507 295 3592 πρῶτον
313 3502 376 3590 μὲν
391 3502 514 3589 Μήταν
532 3503 594 3590 τήν
605 3501 778 3590 Ὀπλήτος,
797 3503 960 3592 δευτέραν
978 3502 1017 3573 δὲ
1031 3511 1126 3574 Χαλ-
