2446 3944
126 173 170 238 34
446 185 827 234 -ιοειε-

99 351 113 390 ο
202 336 285 418 μίαν
310 329 347 399 δέ
373 334 526 401 ἐνταῦθα
553 329 662 401 νύκτα
687 338 863 420 μείναντες
883 335 1010 420 Αἰγίνῃ
1036 352 1149 420 προσ*

127 440 280 520 ίσχουσιν
303 430 538 521 ὑδρεύσασθαι
562 433 739 519 θέλοντες,
766 432 823 501 καί
841 437 971 518 γίνεται
988 433 1066 522 περὶ
1085 439 1151 521 τής

126 531 267 621 ύδρείας
285 532 404 614 αὐτοῖς
421 531 551 622 ἀμιλλα.
581 535 713 603 ἐκεῖθεν
727 531 765 603 δέ
779 533 834 602 διά
848 536 907 621 τῆς
920 529 1074 623 Εὐβοίας
1088 536 1149 611 καλ

125 637 185 722 τῆς
203 639 371 722 Λοκρίδος
389 635 596 716 πλεύσαντες
609 639 657 716 είς
668 633 804 705 Ἰωλκόν
817 627 937 722 ἦλθον,
956 632 1019 703 τδν
1034 635 1149 705 πάντα

121 739 237 804 πλοῦν
265 738 301 803 ἐν
318 738 476 824 τέσσαρσι
492 739 573 826 μησὶ
593 736 837 816 τελειῶσαντες.
1162 753 1182 805 ο

72 855 107 904 2⁴1
205 844 330 916 Πελίας
349 837 387 906 δέ
405 837 579 925 ἀπογνούς
596 837 660 925 τήν
684 837 908 926 ἀποστροφήν
930 841 1000 904 τῶν
1023 833 1147 927 Ἀργο-

126 943 264 1008 ναυτῶν
281 936 341 1006 τδν
360 949 493 1022 Αίσονα
511 947 655 1009 κτείνειν
673 938 812 1024 ήθελεν·
831 935 849 1006 δ
868 938 906 1007 δέ
920 937 1148 1026 αἰτησάμενος

128 1041 250 1109 ἑαυτὸν
268 1039 413 1128 ἀνελεῖν,
430 1048 561 1110 θυσίαν
579 1043 739 1109 ἐπιτελῶν
757 1037 865 1120 ἀδεῶς
882 1039 920 1109 τὸ
938 1041 999 1109 τοῦ
1012 1039 1146 1128 ταύρου

100 1161 112 1200 2
127 1138 210 1229 αἷμα
221 1141 434 1228 σπασάμενος
444 1140 626 1211 ἀπέθανεν.
650 1138 672 1229 ή
686 1138 724 1209 δέ
735 1137 882 1221 Ἰἀσονος
895 1139 1003 1229 μήτηρ
1015 1142 1146 1229 ἐπαρα-

126 1245 253 1332 σαμένη
277 1250 405 1332 Πελία,
435 1241 556 1331 νήπιον
586 1240 799 1311 ἀπολιποῦσα
828 1248 934 1329 μαίδα
959 1241 1147 1331 Πρόμαχον
1165 1258 1206 1327 ιι)1

127 1343 251 1429 ἑαυτήν
276 1341 456 1431 ἀνήρτησε
493 1349 621 1424 Πελίας
646 1342 683 1412 δὲ
708 1343 851 1412 καὶτὸν
874 1344 1147 1432 καταλειφθέντα

99 1449 232 1515 οπαῑδα
249 1443 443 1515 ἀπέκτεινεν
461 1444 577 1534 αύτής.
610 1443 628 1514 ὁ
648 1444 686 1515 δὲ
698 1444 818 1514 Ἰἀσων
831 1445 1007 1515 κατελθῶν
1023 1445 1062 1513 τδ
1081 1444 1145 1534 μὲν

126 1547 226 1634 δέρας
252 1551 375 1634 ἔδωκε,
398 1547 477 1635 περὶ
503 1537 552 1614 ὧν
576 1545 616 1615 δέ·
641 1543 785 1635 ήδικήθη
810 1554 987 1634 μετελθείν
1013 1547 1146 1615 ἐθέλων

126 1646 245 1735 καιρὸν
264 1647 442 1733 ἐξεδέχετο.
477 1647 534 1715 καί
558 1647 633 1716 τότε
657 1645 721 1734 μὲν
746 1652 795 1727 είς
809 1644 948 1734 Ἰσθμδν
972 1645 1055 1735 μετὰ
1074 1649 1144 1716 τῶν

98 1747 291 1834 τάριστέων
304 1747 453 1834 πλεύσας
471 1747 618 1836 ἀνέθηκε
635 1748 698 1836 τήν
716 1750 806 1816 ναῦν
820 1753 1022 1832 Ποσειδῶνι,
1040 1739 1144 1828 αὖθις
1164 1765 1196 1816 15

126 1849 164 1920 δδ
180 1849 336 1938 Μήδειαν
353 1859 544 1939 παρακαλεῖ
558 1858 667 1939 ζητεῖν
681 1845 774 1929 ὅπως
790 1856 915 1930 Πελίας
928 1843 1023 1941 αύτῷ
1043 1854 1144 1930 δίκας

125 1949 272 2040 ῦποσχή.
298 1949 318 2039 ή
337 1950 375 2021 δὲ
392 1959 441 2032 είς
458 1949 499 2019 τά
517 1958 670 2040 βασίλεια
687 1952 749 2018 τοῦ
771 1956 899 2021 Πελίου
918 1956 1143 2039 παρελθοῦσα

127 2060 240 2124 πείθει
263 2052 325 2132 τάς
347 2053 540 2141 θυγατέρας
565 2048 752 2121 αῦτοιῗτδν
770 2054 898 2140 πατέρα
915 2056 1143 2141 κρεουργῆσαι

126 2157 183 2222 καί
207 2155 415 2240 καθεψῆσαι,
447 2152 502 2223 διά
527 2154 715 2242 φαρμάκων
741 2151 849 2222 αύτδν
870 2154 1144 2243 ἐπαγγελλομένη

126 2254 277 2341 ποιήσειν
290 2255 385 2323 νέον·
402 2256 459 2323 καὶ
473 2257 534 2324 τοῦ
549 2257 723 2325 πιστεῦσαι
735 2252 834 2343 χάριν
847 2256 944 2342 κριδν
956 2261 1143 2342 μελείσασα
1161 2270 1197 2322 20

99 2357 185 2427 ὁκαὶ
201 2356 423 2445 καθεψήσασα
443 2359 600 2445 ἐποίησεν
613 2354 711 2445 ἀρνα.
738 2363 778 2424 αλ
793 2355 831 2425 δὲ
845 2355 1064 2425 πιστεύσασαι
1082 2354 1145 2426 τδν

127 2459 255 2547 πατέρα
269 2464 495 2548 κρεουργοῦσι
507 2457 564 2526 καὶ
578 2458 802 2537 καθέψουσιν.
826 2455 994 2536 ’Ἄκαστος
1008 2456 1046 2525 δέ
1059 2456 1145 2546 μετά

126 2561 195 2628 τῶν
212 2560 275 2646 τήν
289 2556 427 2630 Ἰωλκδν
445 2559 634 2629 οἰκούντων
651 2558 711 2627 τδν
730 2560 857 2646 πατέρα
874 2557 1008 2644 θάπτει,
1026 2560 1087 2627 τδν
1105 2558 1146 2630 δὲ

124 2656 256 2729 Ἰἀσονα
273 2659 356 2747 μετά
374 2664 433 2748 τής
452 2666 606 2749 Μηδείας
623 2664 681 2749 τής
697 2655 833 2730 Ἰωλκοῦ
854 2659 1015 2747 έκβάλλει.

74 2777 110 2830 28
206 2769 242 2830 οἳ
256 2761 295 2830 δὲ
313 2754 397 2849 ήκον
416 2770 465 2841 είς
484 2763 676 2849 Κόρινθον,
700 2760 757 2829 καλ
775 2763 856 2830 δέκα
873 2760 937 2853 μὲν
958 2767 1013 2848 ἐτη
1033 2761 1142 2831 διετέ-
1162 2779 1197 2832 2ο

129 2871 212 2932 λονν
226 2861 461 2950 εὐτυχοῦντες,
474 2855 573 2944 αὖθις
587 2863 625 2932 δὲ
638 2864 700 2932 τοῦ
715 2865 774 2949 τῆς
789 2869 965 2950 Κορίνθου
979 2863 1144 2949 βασιλέως

129 2967 298 3055 Κρέοντος
320 2965 382 3051 τήν
405 2965 580 3053 θυγατέρα
606 2963 765 3051 Γλαύκην
787 2961 909 3032 Ἰἀσονι
940 2965 1146 3051 ἐγγυῶντος,

104 3084 116 3122 2
132 3064 441 3155 παραπεμψάμενος
456 3063 575 3134 Ἰἀσων
593 3064 750 3154 Μήδειαν
770 3063 891 3153 ἐγάμει.
922 3061 943 3151 ἣ
962 3066 1011 3151 δέ,
1030 3062 1091 3145 οῦς
1109 3091 1145 3133 τε

128 3165 258 3255 ὤμοσεν
279 3167 397 3237 Ἰἀσων
420 3165 525 3247 θεοῦς
550 3166 813 3253 ἐπικαλεσαμένη
837 3167 895 3236 καλ
919 3163 980 3252 τήν
996 3164 1144 3245 Ἰἀσονος

127 3267 326 3356 ἀχαριστίαν
349 3270 549 3357 μεμψαμένη
575 3267 753 3354 πολλάκις,
783 3271 827 3355 τῇ
857 3267 920 3355 μέν
945 3267 1142 3355 γαμουμένη
1162 3283 1198 3336 30

37 3390 40 3395 ·
128 3371 258 3439 πέπλον
272 3377 527 3459 μεμαγευμένον
545 3369 713 3462 φαρμάκηι
733 3375 892 3456 ἐπεμψεν,
911 3365 952 3437 δν
970 3367 1142 3456 ἀμφιασα·

127 3473 211 3560 μένη
223 3471 303 3559 μετά
314 3476 374 3541 τοῦ
389 3474 601 3560 βοηθοῦντος
611 3473 737 3560 πατρὸς
751 3470 834 3559 πυρὶ
848 3471 962 3561 λάβρω
972 3472 1143 3556 καταφλέ-
