2446 3944
150 112 193 176 64
511 127 812 173 -νεε-

124 297 213 362 ετςο,
231 279 421 359 παρακαλεῖ
436 274 616 359 συζητῆσαι
638 271 697 352 τάς
721 271 814 361 βόας.
845 269 1012 362 Ἡρακλῆς
1037 273 1079 343 δὲ
1101 271 1180 344 πλαψ

155 386 323 459 ισχνεϊται.
365 374 421 441 καὶ
439 375 555 456 ξενιζει
571 371 635 460 μὲν
653 371 771 460 αύτόν,
788 376 906 463 μανεὶς
924 373 962 444 δὲ
980 366 1084 455 αύθις
1102 370 1179 447 άπὸ

149 479 218 542 τῶν
237 481 432 562 Τιρυνθίων
452 480 588 561 ἔρριψεν
605 471 714 543 αύτόν
731 481 860 562 τειχῶν.
894 481 1116 565 καθαρθῆναι
1136 479 1179 548 δὲ

149 577 263 644 θέλων
280 574 342 643 τόν
359 573 469 661 φόνον
487 574 678 662 ἀφικνεῖται
696 575 782 663 πρός
797 576 928 664 Νηλέα·
966 584 1113 648 Πυλίων
1131 571 1179 668 ῆν

122 705 136 745 ο
151 667 249 754 οὗτος
263 676 441 764 δυνάστης.
468 673 694 763 ἀπωσαμένου
707 676 745 746 δὲ·
760 680 901 767 Νηλέως
915 676 1022 747 αύτδν
1034 679 1093 748 διδ
1106 682 1176 770 τῆν
1194 705 1211 756 5

150 776 234 866 πρός
246 775 406 867 Εὔρυτον
419 784 550 864 φιλίαν,
564 784 614 858 είς
625 775 791 866 Ἀμύκλας
806 779 1084 867 παραγενόμενος
1097 781 1174 852 ύπδ

151 877 329 967 Δηιφόβου
347 884 409 948 τοῦ
424 877 626 948 Ἱππολύτου
645 886 850 967 καθαίρεται.
890 884 1113 966 κατασχεθεὶς
1135 884 1177 953 δὲ

150 984 244 1068 δεινῆ
264 978 355 1072 νόσῳ
373 980 427 1048 διδ
446 982 506 1049 τόν
521 979 647 1067 Ἰφίτου
666 978 790 1068 φόνον,
809 988 858 1060 είς
876 973 1037 1070 Δελφούς
1055 1009 1176 1074 παρα-

122 1082 331 1168 ιχενόμενος
349 1078 549 1168 άπαλλαχῆν
569 1081 782 1151 ἐπυνθάνετο
800 1087 858 1170 τῆς
876 1083 993 1152 νόσου.
1019 1082 1066 1171 μῆ
1084 1112 1174 1175 χρη-

151 1181 350 1274 σμῳδούσης
374 1182 412 1251 δὲ
436 1180 530 1273 αύτῷ
555 1186 615 1269 τῆς
634 1190 772 1263 Πυθίας
795 1183 856 1252 τόν
880 1210 916 1252 τε
940 1184 1026 1253 ναόν
1054 1193 1172 1257 συλᾶν
1191 1207 1217 1260 1(

150 1282 262 1372 ῆθελε,
288 1285 345 1352 καὶ
368 1283 434 1352 τὸν
451 1288 596 1370 τρίποδα
618 1284 789 1370 βαστάσας
806 1284 1062 1369 κατασκευάζειν
1079 1315 1173 1374 μαν-

150 1401 240 1455 τεῖον
260 1389 356 1454 ίδιον.
397 1387 589 1474 μαχομένου
616 1386 655 1454 δὲ
681 1384 776 1476 αύτῷ
793 1383 1017 1473 Ἀπόλλωνος,
1044 1385 1175 1470 όΖεύς

123 1491 219 1576 πίησι
236 1488 339 1575 μέσον
358 1483 473 1554 αὐτῶν
490 1485 668 1574 κεραυνόν.
704 1488 760 1555 καὶ
785 1492 908 1556 τοῦτον
932 1489 1174 1561 διαλυθέντων

148 1587 209 1657 τόν
234 1587 374 1675 τρόπον,
401 1588 564 1674 λαμβάνει
590 1588 742 1676 χρησμόν
766 1585 949 1678 Ἡρακλῆς,
985 1576 1024 1669 δς
1052 1597 1175 1676 ἔλεγεν

150 1688 350 1775 άπαλλαγῆν
368 1685 463 1780 αύτῷ
482 1692 539 1775 τῆς
557 1688 664 1758 νόσου
683 1694 819 1759 ἔσεσθαι
833 1690 998 1777 πραθέντι
1015 1691 1072 1759 καλ
1091 1701 1175 1779 τρία
1197 1715 1217 1766 12

152 1798 208 1878 ἔτη
227 1789 450 1878 λατρεύσαντι
467 1792 524 1859 καί
540 1791 635 1859 δόντι
652 1791 773 1878 ποινῆν
787 1795 847 1858 τοῦ
867 1791 976 1878 φόνου
995 1790 1057 1879 τῆν
1071 1795 1176 1882 τιμὴν

115 1917 132 1969 3
152 1890 308 1984 Εύρύτφ.
337 1896 398 1960 τού
412 1890 449 1961 δὲ
464 1895 613 1981 χρησμοῦ
626 1892 788 1972 δοθέντος
799 1891 919 1980 Ἑρμῆς
930 1887 1098 1978 Ἡρακλέα
1112 1921 1175 1965 πι-

150 1994 308 2084 πράσκει·
344 1995 400 2062 καλ
419 1990 527 2061 αὐτὸν
545 1990 679 2062 ὠνεῖται
694 1991 845 2081 Ὀμφάλη
862 1991 1051 2083 Ἰαρδάνου,
1068 2003 1174 2082 βασι-

151 2095 299 2164 λεύουσα
318 2097 458 2180 Λυδῶν,
484 2084 587 2182 ῆτῆν
611 2091 796 2182 ἡγεμονίαν
821 2100 988 2164 τελευτάν
1014 2093 1032 2163 ό
1058 2096 1174 2186 χήμας

156 2200 294 2285 Τμῶλος
312 2193 475 2263 κατέλιπε.
508 2195 570 2281 τῆν
583 2194 647 2282 μὲν
661 2187 726 2265 ούν
743 2194 840 2284 τιμὴν
858 2207 1078 2283 κομισθεῖσαν
1093 2197 1174 2268 Εύ-
1194 2225 1217 2273 24

124 2304 252 2385 ερυτος
270 2295 312 2366 ού
332 2294 566 2385 προσεδέξατο,
580 2294 745 2393 Ἡρακλῆς
762 2297 805 2385 δῆ
821 2294 972 2387 Ὀμφάλη
991 2298 1174 2371 δουλεύων

150 2398 231 2478 τούς
245 2401 311 2486 μὲν
329 2398 405 2488 περὶ
423 2396 486 2485 τῆν
493 2395 641 2486 Ἔφεσον
659 2399 841 2486 Κέρκωπας
856 2400 1036 2487 συλλαβῶν
1054 2405 1173 2490 ἔδησε,

152 2497 268 2570 Συλέα
287 2498 324 2568 δὲ
344 2502 380 2568 ἐν
399 2494 528 2569 Αύλίδι
552 2500 633 2578 τούς
657 2499 840 2586 παριόντας
864 2499 982 2582 ξένους
1008 2500 1174 2587 σκάπτειν

151 2598 392 2687 ἀναγκάζοντα,
406 2599 471 2669 σύν
485 2615 559 2682 ταῖς
573 2603 675 2690 ῥίζαις
689 2602 748 2680 τοὶς
758 2598 929 2689 ἀμπέλους
940 2601 1072 2682 σκάψας
1079 2586 1167 2691 μδτὰ

125 2730 137 2770 ε
151 2709 210 2790 τῆς
223 2699 584 2789 θνχατρδςΞενοδίκης
597 2702 781 2772 ἀπέκτεινε.
806 2704 863 2771 καὶ
877 2703 1057 2791 προσσχών
1071 2705 1169 2798 νῆσςσ
1192 2729 1217 2781 23

152 2812 296 2893 Δολίχῃ,
314 2804 351 2871 τό
368 2799 499 2889 Ἰκάρου
519 2808 615 2890 σῶμα
634 2802 721 2873 ίδών
737 2818 809 2883 τοῖς
827 2811 993 2892 αίμιαλοίς
1016 2829 1174 2893 προσφε·

152 2904 297 2992 ρόμενον
307 2911 427 2991 ἔθανε,
442 2906 497 2972 καί
505 2903 567 2990 τῆν
575 2904 766 2992 νῆσονάντί
776 2904 1078 2995 ΔολίχηςἸκαρίαν
1090 2909 1173 2977 έκά-

152 3017 257 3076 λεσεν.
285 3006 361 3075 άντὶ
374 3004 497 3075 τούτου
514 3011 687 3086 Δαίδαλος
702 3009 838 3094 ένΠίση
859 3007 975 3077 εἰκόνα
989 3018 1173 3096 παραπλη-

152 3117 231 3177 σίαν
245 3107 491 3178 κατεσκεύασεν
501 3106 672 3194 Ἡρακλεῖ·
703 3103 1172 3199 ῆννυκτδςύγνοῆσαςἩρα-

126 3213 232 3297 ικλῆς
247 3219 336 3304 λίθφ
350 3206 465 3298 βαλάν
473 3203 517 3288 ὥς
527 3217 677 3297 ἔμπνουν
686 3211 812 3297 ἔπληξε.
840 3208 921 3279 καθ’
937 3207 977 3278 δν
991 3208 1030 3279 δέ
1043 3210 1172 3301 χρόνον
1190 3231 1217 3283 3(

154 3310 310 3399 ἐλάτρευε
325 3305 406 3397 παρ’
418 3309 581 3400 Ὀμφάλη,
601 3310 732 3396 λέγεται
745 3309 805 3379 τόν
820 3311 875 3379 ἐπὶ
891 3312 1045 3399 Κόλχους
1058 3317 1171 3381 πλούν

153 3412 386 3498 γενέσθαικαὶ
406 3412 469 3497 τὴν
487 3417 547 3481 τοῦ
568 3417 795 3482 Καλυδωνίου
815 3412 948 3502 κάπρου
966 3412 1093 3502 θήραν,
1113 3415 1171 3481 καλ
