2446 3944
108 202 148 268 18
432 212 794 261 -1825-

80 381 173 451 ῖραν
197 358 280 451 μετά
303 357 427 446 ταύτης
453 359 580 440 ἐξιέναι.
617 359 847 448 περιστάντων
871 359 910 429 δέ
928 358 1047 430 αὐτῶν
1064 361 1126 432 τόν

96 463 249 552 κάπρου,
263 459 516 547 ’Τλεόςμένκαλ
526 458 681 544 ’Λγκαῖος
693 458 762 528 δπό
777 464 839 528 τοῦ
849 462 956 550 θηρός
975 464 1125 550 διεφθά-

106 585 233 655 ρησαν,
252 561 455 651 Εὐρυτίωνα
482 558 520 628 δέ
540 562 673 648 Πηλεὺς
696 558 788 630 άκων
806 563 1035 649 κατηκόντισε.
1064 564 1125 635 τόν

106 665 145 734 δέ
162 664 293 752 κάπρον
311 661 427 749 πρώτη
444 659 507 749 μέν
522 659 706 747 Ἀταλάντη
724 668 773 742 είς
790 661 831 730 τά
845 668 937 732 νῶτα
953 665 1125 754 ἐτόξευσε,

107 765 264 851 δεότερος
283 763 321 832 δὲ
335 760 541 851 Ἀμφιάραος
560 769 607 843 είς
624 762 684 831 τὸν
703 759 900 851 ὀφθαλμόν·
921 769 1157 857 Μελέαγροςο

107 866 146 936 δὲ
163 863 271 934 αότόν
288 872 337 944 είς
351 863 411 932 τὸν
424 870 574 933 κενεῶνα
588 863 717 952 πλήξας
731 863 915 954 ἀπέκτεινε,
934 867 992 934 καί
1007 868 1126 955 λαβοδν

83 966 145 1036 7τὸ
165 968 265 1054 δέρας
280 971 405 1036 ἐδωκεν
416 964 612 1054 Ἀταλάντη.
640 971 677 1033 οί
691 966 730 1034 δέ
745 973 888 1036 Θεστίου
903 972 1024 1048 παῖδες
1037 963 1121 1039 άδο·

107 1072 243 1151 ξοῦντες
258 1075 290 1138 εί
301 1066 480 1154 παρόντων
494 1065 632 1156 άνδροὶν
646 1065 735 1154 γυνή
749 1067 790 1135 τά
805 1066 955 1154 άριστεῖα
968 1068 1125 1158 λήψεται,

106 1168 145 1238 τό
164 1169 263 1256 δέρας
283 1167 376 1256 αὐτή.
387 1165 579 1255 άφείλοντο,
597 1167 681 1235 κατά
694 1172 793 1254 γένος
807 1166 926 1249 αὐτοῖς
940 1171 1125 1258 προσήκων
1143 1214 1153 1227 -

72 1288 89 1338 3
108 1272 274 1357 λέγοντες,
292 1275 325 1338 εί
343 1267 540 1357 Μελέαγρος
559 1267 743 1358 λαμβάνειν
761 1268 805 1355 μή
825 1284 1029 1359 προαιροῖτο.
1060 1270 1122 1363 όρ-
1142 1288 1165 1343 ιι

107 1373 238 1459 γισθείς
264 1373 302 1441 δὲ
320 1370 519 1460 Μελέαγρος
536 1371 617 1451 τούς
640 1371 704 1459 μὲν
723 1376 867 1441 Θεστίου
886 1376 1011 1452 παῖδας
1035 1371 1123 1443 άπέ-

106 1500 232 1560 κτεινε,
256 1475 293 1542 τὸ
318 1473 356 1544 δέ
380 1473 480 1561 δέρας
505 1478 609 1542 ἐδωκε
626 1479 670 1561 σή
692 1469 890 1560 Ἀταλάντη.
921 1472 1066 1543 Ἀλθαία
1084 1475 1123 1545 δέ

107 1583 299 1662 λυπηθεῖσα
325 1576 381 1643 ἐπὶ
407 1579 449 1661 τῇ
475 1580 544 1642 τῶν
569 1571 730 1662 ἀδελφόν
754 1572 905 1664 άπωλείηι
927 1573 989 1643 τόν
1013 1575 1123 1646 δαλόν

106 1667 183 1763 ήψε,
201 1677 257 1742 καὶ
275 1673 293 1743 ὁ
314 1675 511 1763 Μελέαγρος
530 1675 689 1763 ἐξαίφνης
708 1671 891 1745 άπέθανεν.

82 1794 94 1832 2
183 1783 220 1844 οἳ
236 1777 276 1844 δέ
292 1795 395 1863 φασιν
413 1775 476 1861 οὐχ
494 1776 583 1845 οὕτω
602 1775 802 1863 Μελέαγρον
819 1778 1030 1862 τελευτῆσαι,
1054 1775 1121 1866 άμ-
1142 1796 1165 1850 11

107 1877 366 1974 φισβητοόντων
385 1877 423 1946 δέ
440 1883 498 1964 τής
516 1877 625 1967 θήρας
644 1879 728 1965 φασὶ
742 1880 811 1946 τῶν
826 1883 970 1947 Θεστίου
985 1882 1122 1948 παίδων

108 1977 153 2060 ός
175 1977 324 2066 Ἰφίκλου
349 1979 486 2065 πρώτου
509 1980 687 2067 βαλόντος,
706 1978 858 2067 Κοόρησι
874 1979 932 2047 καὶ
950 1983 1122 2049 Καλυδω-

106 2088 192 2159 νίοις
213 2081 359 2166 πόλεμον
379 2083 548 2165 ένστήναι,
568 2081 763 2160 ἐξελθόντος
782 2078 820 2149 δέ
839 2080 1044 2169 Μελεάγρου
1063 2090 1125 2152 καί

105 2209 200 2260 τινας
213 2187 283 2250 τῶν
298 2187 441 2250 Θεστίου
456 2187 588 2250 παίδων
604 2181 835 2267 φονεύσαντος
851 2179 1016 2250 Ἀλθαίαν
1030 2181 1121 2269 άρά·

108 2294 232 2353 σασθαι
249 2280 317 2351 κατ’
344 2278 468 2350 αὐτοῦ·
496 2281 556 2351 τόν
583 2283 621 2352 δέ
645 2279 860 2373 ὀργιζόμενον
885 2292 971 2351 οίκοι
994 2285 1120 2372 μένειν.
1139 2306 1165 2356 2ae

81 2383 170 2472 δήδη
189 2384 228 2454 δὲ
244 2390 313 2455 τεόν
327 2387 498 2470 πολεμίων
511 2398 581 2465 τοῖς
594 2393 717 2471 τείχεσι
730 2381 1044 2472 προσπελαζόντων,
1062 2387 1122 2455 καλ

107 2490 175 2554 τῶν
194 2493 340 2556 πολιτῶν
359 2485 544 2566 άξιοόντων
562 2483 636 2573 μεθ’
658 2491 826 2574 ἱκετηρίας
844 2492 997 2572 βοηθεῖν,
1022 2485 1122 2573 μόλις

108 2589 287 2656 πεισθέντα
300 2586 369 2657 ὑπὸ
383 2592 441 2674 τῆς
455 2586 615 2674 γυναικὸς
630 2587 793 2672 ἐξελθεῖν,
810 2587 867 2653 καὶ
883 2587 964 2666 τοὺς
978 2588 1121 2669 λοιπούς

108 2697 285 2758 κτείναντα
303 2690 371 2756 τῶν
390 2697 533 2758 Θεστίου
553 2694 685 2763 παίδων
709 2686 899 2757 άποθανεῖν
916 2686 1135 2781 μαχόμενον.-

81 2788 189 2877 4μετοὶ
208 2788 246 2857 δέ
262 2788 322 2856 τόν
341 2790 544 2876 Μελεάγρου
561 2790 714 2859 θάνατον
729 2788 872 2859 Ἀλθαία
886 2790 943 2857 καὶ
958 2788 1120 2858 Κλεοπά-
1138 2811 1165 2862 νε

108 2919 171 2978 τρα
186 2889 306 2970 ἑαυτάς
321 2887 527 2978 ἀνήρτησαν,
541 2897 580 2960 αί
591 2891 629 2959 δέ
641 2894 829 2979 θρηνοῦσαι
843 2888 904 2959 τόν
918 2889 1040 2980 νεκρόν
1054 2919 1121 2977 γυ-

107 3007 222 3072 ναῖκες
239 2988 526 3081 ἀπωρνεώθησαν.

71 3110 91 3158 4
181 3093 338 3173 Ἀλθαίας
352 3093 391 3162 δέ
404 3087 647 3178 άποθανοόσης
662 3097 783 3180 ἔγημεν
795 3092 920 3172 θίνεδς
935 3100 1121 3183 Περίβοιαν

107 3193 170 3279 τήν
190 3192 377 3265 Ἱππονόου.
412 3193 540 3282 ταύτην
558 3193 596 3261 δὲ
615 3192 632 3260 ὁ
651 3192 714 3280 μὲν
731 3194 865 3281 γράψας
882 3193 943 3281 τήν
964 3200 1120 3284 Θηβαΐδα

108 3301 354 3384 πολεμηθείσης
364 3295 505 3367 Ὠλένου
520 3296 607 3381 λέγει
621 3301 738 3382 λαβεῖν
756 3296 861 3364 Οίνέα
874 3297 987 3384 γέρας,
1003 3296 1118 3366 Ἡσίο-
1137 3313 1165 3368 3(

109 3399 167 3475 δος
186 3395 224 3464 δέ
243 3399 274 3477 ἐξ
289 3393 429 3466 Ὠλένου
444 3403 502 3482 τής
517 3396 665 3483 Ἀχαίας,
684 3397 904 3486 ἐφθαρμένην
918 3393 987 3467 ὑπὸ
1002 3395 1119 3467 Ἱππο-

108 3496 254 3584 στράτου
269 3500 329 3566 τοῦ
341 3493 589 3586 Ἀμαρυγκέως,
600 3497 782 3567 Ἱππόνουν
790 3497 850 3565 τὸν
857 3498 983 3588 πατέρα
990 3501 1119 3588 πέμψαι
