2446 3944
161 102 223 166 100
512 114 831 164 -3104-

133 256 483 346 εκατασκευάσαντας.
512 260 601 343 Ζεύς
621 261 659 332 δέ
678 262 836 352 ἐμέλλησε
854 265 986 353 ῥίπτειν
1003 261 1115 337 αύτόν
1135 273 1185 350 είς

164 362 352 455 Τάρταρον,
367 369 545 453 δεηθείσης
559 364 737 453 δέΛητούς
752 365 928 436 ἐκέλευσεν
941 363 1049 436 αύτδν
1064 370 1186 439 ἐνιαυ-

158 463 219 533 τόν
242 461 344 553 άνδρὶ
368 470 542 554 θητεῦσαι.
586 464 605 535 ό
631 464 669 537 δέ
693 466 968 557 παραγενόμενος
992 473 1043 550 εἰς
1068 469 1186 559 Φεράς
1214 502 1218 511 ·

158 565 244 656 πρός
253 565 423 655 ’Ἄδμητον
436 566 495 637 τὸν
512 568 660 656 Φέρητος
673 568 785 660 τούτῳ
802 569 978 658 λατρεύων
992 573 1182 661 ἐποίμαινε,

159 668 217 736 καὶ
234 665 294 748 τάς
312 674 452 754 θηλείας
470 668 553 757 βόας
571 669 681 750 πάσας
700 668 947 759 διδυματόκους
967 673 1137 761 ἐποίησεν.
1198 692 1214 744 ο

134 789 147 828 ³
238 771 304 839 είσί
323 769 360 838 δὲ
379 775 415 840 οί
431 772 585 857 λέγοντες
599 768 748 859 Ἀφαρέα
765 771 829 859 μὲν
847 772 904 841 καὶ
923 771 1128 843 Λεύκιππον
1146 777 1182 844 ἐκ

158 868 515 959 Περιήρουςγενὲσθαι
526 877 589 942 τού
597 872 741 959 Αίόλου,
756 872 938 964 Κυνόρτου
947 873 986 943 δέ
993 875 1182 965 Περιήρην,

157 976 218 1041 τοῦ
232 972 271 1042 δὲ
286 980 447 1062 Οἴβαλον,
464 972 615 1060 Οἰβάλου
629 973 667 1043 δὲ
679 975 738 1045 καί
752 979 869 1063 νηίδος
884 974 1021 1064 νύμφης
1034 985 1180 1059 Βατείας
1196 1060 1201 1069 ⁸

164 1072 369 1163 Τυνδάρεων
383 1072 610 1145 Ἱπποκόωντα
624 1069 809 1163 Ἱκαρίωνα.

122 1193 139 1244 ο
231 1173 474 1256 Ἱπποκόωντος
505 1174 569 1263 μὲν
593 1167 657 1246 οὖν
682 1177 838 1262 ἐγένοντο
869 1181 989 1257 παῖδες
1021 1180 1179 1268 Δορκεύς
1197 1197 1221 1249 ιι

160 1286 287 1356 Σκαῖος
301 1273 527 1366 Ἐναροφόρος
541 1275 706 1367 Εὐτείχης
720 1277 891 1359 Βουκόλος
904 1278 1031 1350 Λύκων
1052 1283 1179 1371 Τέβρος

154 1371 333 1458 Ἱππόθοος
364 1376 519 1468 Εὔρυτος
544 1377 808 1468 Ἱπποκορυστὴς
836 1377 1013 1461 ’Λλκίνοος
1031 1378 1177 1453 ’Ἄλκων

157 1479 299 1559 τούτους
314 1479 501 1550 Ἱπποκόων
519 1486 606 1567 ἐχωυ
622 1485 748 1562 παῖδας
763 1478 939 1571 Ἱκαρίωνα
955 1482 1014 1552 καὶ
1039 1484 1179 1553 Τυνδά-

132 1599 246 1668 Ξρεων
264 1579 398 1667 ἐξέβαλε
415 1585 678 1669 Λακεδαίμονος.
713 1590 748 1653 οἳ
763 1582 802 1652 δέ
820 1581 987 1671 φεύγουσι
1004 1582 1091 1673 πρός
1111 1584 1180 1654 Θέ-

160 1701 263 1769 στιου,
282 1684 340 1751 καὶ
358 1685 594 1771 συμμαχοῦσιν
608 1680 702 1776 αὐτῷ
715 1685 801 1775 πρὸς
813 1685 894 1764 τούς
907 1683 1058 1774 ὁμόρους
1072 1684 1178 1756 πόλε-
1197 1704 1223 1757 ῖῑ

158 1810 223 1871 μον
238 1788 355 1870 ἔχοντι.
375 1784 431 1852 καὶ
443 1798 547 1873 γαμεῖ
556 1783 756 1873 Τυνδάρεως
766 1793 910 1856 Θεστίου
922 1788 1099 1875 θυγατέρα
1106 1787 1179 1876 Λή-

159 1888 236 1971 δαν,
255 1876 358 1964 αύθις
376 1886 426 1971 δέ,
444 1882 498 1954 ὅτε
507 1881 675 1975 Ἡρακλῆς
684 1883 915 1957 Ἱπποκόωντα
926 1887 983 1956 καὶ
998 1887 1081 1969 τούς
1094 1888 1177 1958 τού-

159 2013 220 2055 του
239 1990 362 2066 παῖδας
380 1982 564 2073 άπέκτεινε,
583 1988 819 2076 κατέρχονται,
844 1987 902 2059 καέ
921 1989 1181 2079 παραλαμβάνει

165 2084 367 2176 Τυνδάρεως
385 2085 447 2174 τήν
463 2093 648 2174 βασιλείαν.

124 2203 141 2254 6
231 2187 377 2278 Ἰκαρίου
395 2188 458 2277 μὲν
477 2181 542 2257 οὖν
553 2191 611 2258 καὶ
622 2195 802 2279 Περιβοίας
811 2189 946 2278 νύμφης
956 2196 1074 2280 νηίδος
1085 2194 1180 2274 Θόας
1217 2222 1221 2257 ι

159 2290 383 2379 Δαμάσιππος
397 2286 585 2378 Ἰμεύσιμος
598 2285 736 2378 Ἀλήτης
749 2296 932 2381 Περίλεως,
950 2293 1007 2360 καὶ
1020 2292 1179 2382 θυγάτηρ

159 2389 359 2480 Πηνελόπη,
385 2387 428 2478 ἢν
454 2398 576 2481 ἔγημεν
595 2388 798 2472 Ὀδυσσεύς·
847 2393 1031 2482 Τυνδάρεω
1055 2393 1094 2463 δέ
1120 2397 1202 2465 καὶ·

159 2493 275 2581 Λήδας
290 2492 475 2581 Τιμάνδρα,
485 2489 528 2581 ἣν
538 2488 677 2583 Ἔχεμος
687 2498 800 2581 ἔγημε,
811 2494 869 2561 καὶ
880 2495 1178 2584 Κλυταιμνήστρα,

158 2591 200 2683 ήν
224 2599 347 2682 ἔγημεν
367 2591 605 2683 Ἀγαμέμνων,
634 2600 681 2664 ἔτι
709 2621 744 2663 τε
770 2593 935 2682 Φιλονόη,
965 2591 1008 2683 ἢν
1023 2594 1178 2686 Ἄρτεμις

124 2713 140 2762 7
159 2694 332 2766 άθάνατον
352 2698 496 2784 ἐποίησε.
527 2695 611 2777 Διός
630 2695 669 2766 δὲ
687 2693 786 2787 Λήδη
804 2695 1033 2777 συνελθόντος
1051 2695 1178 2782 όμοιω-
1216 2726 1223 2731 ’⁴

159 2799 280 2877 θέντος
298 2797 431 2889 κύκνφ,
455 2797 614 2867 καὶκατὰ
637 2798 701 2885 τήν
719 2792 828 2885 αύτὴν
846 2797 956 2866 νύκτα
980 2796 1178 2889 Τυνδάρεω,

159 2899 243 2978 Διὸς
261 2898 325 2986 μέν
344 2898 511 2985 ἐγεννήθη
525 2899 749 2992 Πολυδεύκης
768 2899 825 2968 καὶ
840 2897 969 2986 Ἑλένη,
993 2899 1179 2988 Τυνδάρεω

134 2999 199 3069 ῖδδ
217 3000 363 3089 Κάστωρ
382 2999 461 3084 <καλ
472 2999 782 3089 Κλυταιμνήστρα).
808 3003 943 3086 λέγουσι
961 2999 999 3070 δέ
1014 3007 1178 3074 ἐνιοιΝε-

160 3103 287 3191 μέσεως
301 3099 439 3188 Ἑλένην
458 3100 621 3171 εἶναικαὶ
640 3101 734 3182 Διός.
770 3099 897 3189 ταύτην
919 3101 986 3191 γάρ
1009 3101 1073 3191 τήν
1092 3104 1179 3184 Διός

159 3204 359 3290 φεύγουσαν
378 3209 567 3273 συνουσίαν
581 3209 628 3285 είς
640 3205 727 3291 χῆνα
740 3202 802 3290 τήν
814 3201 950 3293 μορφήν
963 3212 1178 3294 μεταβαλεῖν,
1197 3221 1223 3274 3ι

42 3299 46 3308 ’
133 3302 370 3392 δόμοιωθέντα
398 3304 436 3373 δέ
453 3307 510 3374 καὶ
531 3311 601 3375 Δία
619 3308 665 3398 τῷ
685 3304 803 3397 κύκνῳ
822 3313 1022 3374 συνελθεῖν·
1058 3307 1121 3396 τήν
1140 3308 1179 3377 δέ

161 3402 230 3499 ρίόν
250 3409 285 3474 ἐκ
303 3409 361 3495 τής
380 3413 565 3488 συνουσίας
583 3406 774 3496 ἀποτεκεῖν,
788 3410 888 3476 τούτο
899 3405 937 3476 δέ
947 3408 984 3476 ἐν
993 3422 1064 3489 τοῖς
1074 3407 1178 3479 ἄλσε-
