2446 3944
150 106 212 170 114
497 117 814 167 -3148-

148 265 218 352 φήν
234 263 428 355 θυγατέρας
445 262 509 352 μὲν
527 265 689 334 ἐτέκνωσε
708 264 869 355 Πρόκνην
886 267 944 336 καὶ
960 268 1175 359 Φιλομήλαν,

150 369 273 446 παῖδας
290 364 330 435 δδ
347 363 512 453 διδύμους
526 364 684 454 Ἐρεχθέα
701 368 759 435 καὶ
776 365 920 455 Βούτην.
960 370 1114 456 πολέμου
1134 372 1176 455 δὲ,

150 465 392 549 ἐξαναστάντος
410 464 496 555 πρὸς
512 467 696 555 Λάβδακον
720 469 799 555 περὶ
817 472 879 555 γής
898 466 989 557 ὅρων
1006 471 1174 541 ἐπεκαλέ-

150 589 232 637 σατο
249 567 379 656 βοηθὸν
398 569 435 636 ἐκ
449 567 585 659 Θράκης
605 568 715 657 Τηρέα
732 567 791 637 τόν
798 567 933 657 Ἄρεος,
950 571 1009 639 καὶ
1024 569 1089 641 τδν
1102 570 1172 642 πό-

149 677 252 757 λεμον
271 667 337 738 σύν
355 667 448 761 αύτῷ
466 669 686 758 κατορθώσας
711 674 816 740 ἔδωκε
839 679 941 760 Ίηρελ
957 669 1041 760 πρός
1058 672 1172 761 γάμον
1190 695 1208 747 5

124 769 211 858 ετήν
231 770 353 839 ἑαυτοῦ
366 770 540 858 θυγατέρα
553 770 725 860 Πρόκνην.
762 768 838 840 δ’δὲ
856 774 892 840 ἐκ
905 772 1030 860 ταύτης
1043 775 1173 862 γεννή-

150 891 211 952 σας
229 869 456 960 παίδαἼτυν,
480 872 537 940 καὶ
557 870 747 960 Φιλομήλας
773 872 928 959 ἐρασθεὶς
952 876 1089 963 ἔφθειρε
1112 876 1172 944 καὶ

148 969 290 1061 ταύτην,
303 971 410 1043 είποὶν
422 972 587 1042 τεθνάναι
597 972 772 1062 Πρόκνην,
785 971 946 1060 κρύπτων
956 974 1011 1043 έπλ
1019 979 1090 1045 τάν
1099 1002 1169 1063 χα-

150 1080 245 1162 ρίων.
278 1064 380 1153 αὖθις
394 1072 432 1142 δὲ
445 1073 553 1161 γήμας
568 1072 765 1161 Φιλομήλαν
778 1073 1017 1164 συνηυνάζετο,
1035 1076 1093 1143 καλ
1106 1075 1169 1164 τήν

122 1201 134 1240 ι
148 1180 308 1261 γλῶσσαν
318 1174 468 1262 ἐξέτεμεν
479 1171 593 1262 αότής.
616 1170 687 1262 ήδὲ
696 1172 858 1261 ὑφήνασα
872 1178 909 1245 έν
923 1176 1042 1269 πέπλῳ
1056 1176 1168 1265 γράμ-
1188 1196 1213 1265 1(

147 1302 235 1363 ματα
248 1276 305 1344 καὶ
320 1275 376 1343 διδ
389 1274 520 1345 τούτων
534 1274 679 1363 ἐμήνυσε
693 1275 835 1364 Πρόκνη
850 1277 911 1357 τάς
927 1280 1017 1357 ίδίας
1030 1296 1169 1366 συμφο-

148 1376 219 1466 ράς.
255 1373 276 1464 ή
295 1376 334 1446 δὲ
352 1376 585 1464 ἀναζητήσασα
601 1376 664 1465 τήν
681 1372 836 1464 άδελφήν
850 1384 972 1447 κτείνει
984 1375 1046 1447 τόν
1059 1385 1170 1448 παῖδα

95 1508 98 1512 “
137 1474 247 1565 Ἴτυν,
266 1478 323 1546 καὶ
340 1476 563 1564 καθεψήσασα
583 1487 686 1566 Ίηρεῑ
702 1482 844 1546 δείπνου
857 1473 1040 1564 άγνοοῦντι
1054 1504 1164 1568 παρα-

123 1585 279 1666 ιτίθησι·
298 1580 355 1646 καὶ
373 1576 455 1666 μετά
472 1581 533 1666 τής
550 1576 699 1666 άδελφής
718 1579 774 1647 διά
791 1580 920 1666 ταχέαν
939 1584 1055 1668 έφυγε.
1097 1588 1168 1668 Τη-

149 1680 228 1767 ρεύς
245 1680 284 1749 δέ
302 1678 518 1768 αἰσθόμενος,
534 1675 688 1766 ἁρπάσας
706 1680 852 1749 πέλεκυν
874 1683 1025 1751 ἐδίωκεν.
1069 1688 1109 1750 αἳ
1125 1682 1164 1752 δέ
1184 1701 1213 1754 le

149 1783 185 1849 ἐν
196 1786 334 1872 Δαυλίᾳ
348 1786 408 1867 τής
424 1784 579 1861 Φωκίδος
593 1781 768 1869 γινόμεναι
781 1781 1063 1869 περικατάληπτοι
1070 1793 1170 1864 θεοίς

148 1880 305 1968 εύχονται
318 1881 589 1971 άπορυεοιθήναι,
603 1884 660 1951 καὶ
671 1882 810 1970 Πρόκνη
823 1880 887 1970 μὲν
899 1890 1028 1970 γίνεται
1035 1881 1169 1972 άηδοόν,

150 1982 322 2070 Φιλομήλα
335 1983 374 2052 δὲ
387 1982 539 2070 χελιδάυ.
572 1980 799 2072 ἀπορνεοῦται
816 1983 855 2052 δέ
872 1984 930 2051 καὶ
948 1984 1091 2073 Τηρεύς,
1108 1985 1168 2054 καὶ

147 2090 274 2171 γίνεται
292 2090 390 2165 ἔποψ.

100 2182 139 2247 15
229 2189 423 2264 Πανδίονος
432 2182 929 2265 δὲάποθανόντοςοίπαϊδεςτά
938 2186 1079 2277 πατρῷα
1088 2186 1166 2274 έμε-
1186 2206 1213 2258 2(

149 2293 307 2375 ρίσαντο,
333 2286 390 2354 καὶ
414 2282 477 2372 τήν
502 2285 566 2374 μὲν
589 2291 763 2373 βασιλείαν
784 2283 964 2373 Ἐρεχθεύς
990 2286 1168 2374 λαμβάνει,

148 2386 210 2474 τήν
229 2387 267 2456 δέ
287 2386 479 2477 ἱερωσύνην
496 2388 555 2475 τής
570 2385 715 2474 Ἀθηνᾶς
728 2388 859 2455 καὶτοῦ
875 2390 1089 2467 Ποσειδῶνος
1102 2390 1168 2457 τού

123 2508 135 2546 2
150 2496 359 2586 Εριχθομίου
374 2487 513 2575 Βούτης.
539 2488 650 2576 γήμας
660 2485 698 2556 δέ
708 2485 886 2577 Ἐρεχθεύς
897 2488 1094 2577 Πραξιθέαν
1102 2486 1169 2575 τήν

152 2595 329 2676 Φρασίμου
343 2589 400 2658 καὶ
415 2596 612 2675 Διογενείας
625 2592 685 2676 τής
696 2594 866 2676 Κηφισοῦ,
880 2593 956 2676 ἔσχε
967 2593 1093 2668 παιδος
1102 2588 1168 2676 μὲν

148 2691 309 2777 Κέκροπα
326 2690 517 2776 Πάνδωρον
542 2697 711 2778 Μητίονα,
735 2689 926 2776 θυγατέρας
950 2688 989 2758 δέ
1013 2688 1167 2778 Πρόκριν
1184 2710 1213 2762 νε

148 2791 329 2882 Κρέουσαν
347 2796 502 2860 Χθονίαν
513 2786 724 2879 Ὠρείθυιαν,
741 2786 784 2878 ἣν
801 2788 932 2878 ήρπασε
949 2791 1089 2878 Βορέας.

122 2913 134 2952 ³
224 2899 381 2963 Χθονίαν
394 2890 458 2979 μὲν
471 2881 651 2980 οὖνέγημε
663 2890 806 2978 Βούτης,
825 2892 1006 2980 Κρέουσαν
1019 2891 1059 2960 δέ
1071 2897 1163 2971 Ξοῦ-

146 3004 223 3081 θος,
237 2993 389 3083 Πρόκριν
403 2993 440 3063 δδ
450 2994 610 3080 Κέφαλος
623 2991 641 3062 ό
652 2991 809 3080 Δηιόνος.
827 2989 849 3080 ἣ
863 2992 901 3061 δέ
914 2997 1068 3081 λαβοῦσα
1077 3019 1166 3083 γρυ-

148 3099 234 3165 σοῦν
248 3095 417 3182 στέφανον
431 3097 612 3166 Πτελέοντι
625 3093 872 3180 συνευνάζεται,
889 3093 946 3162 καὶ
963 3103 1167 3182 φωραθεῖσα
1179 3131 1183 3136 ·

121 3195 217 3265 εύπδ
237 3196 398 3285 Κεφάλου
416 3196 501 3286 πρὸς
516 3203 642 3267 Μίνωα
659 3194 788 3284 φεύγει.
820 3191 839 3263 δ
857 3194 895 3264 δέ
909 3192 1014 3282 αύτής
1028 3197 1090 3285 έρᾷ
1105 3197 1164 3264 καὶ
1181 3211 1213 3265 30

148 3304 262 3368 πείθει
274 3305 464 3368 συνελθεῖν.
496 3303 528 3366 εί
544 3299 585 3366 δέ
595 3324 634 3384 γε
647 3296 808 3368 συνέλθοι
820 3295 909 3384 γυνή
925 3302 1053 3382 Μίνωι,
1071 3294 1160 3366 άδύ-

147 3426 250 3468 νατον
268 3391 313 3487 ήν
330 3397 439 3487 αὐτήν
458 3402 623 3486 σωθῆναι·
658 3395 822 3485 Πασιφάη
839 3398 918 3487 γάρ,
945 3397 1057 3486 ἐπειδή
1076 3406 1164 3466 πολ-
