2446 3944
155 213 198 279 50
500 228 818 276 -2410-

157 376 281 456 ἐξένισε
298 374 505 462 πεντήκοντα
523 373 666 463 ἡμέρας,
693 376 749 444 καὶ
769 376 825 444 ἐπὶ
842 374 905 462 τήν
922 375 1036 464 θήραν
1056 379 1180 459 ἐξιόντι

155 474 279 557 νυκτὸς
299 475 438 562 ἑκάστης
455 483 539 563 μίαν
556 475 739 560 συνεύναζε
755 478 931 566 θυγατέρα
950 477 1180 567 (πεντήκοντα

156 575 194 646 δέ
218 575 311 669 αύτῷ
335 569 422 666 ῆσαν
447 578 484 645 ἐκ
511 575 719 665 Μεγαμήδης
742 580 984 666 γεγεννημέναι
1015 583 1076 667 τῆς
1098 577 1179 669 Ἀρ-

131 676 268 767 ινέου)·
306 677 489 761 ἐσπούδαζε
506 677 572 765 γάρ
590 679 702 758 πάσας
721 681 754 760 ἐξ
768 675 974 766 Ἡρακλέους
998 706 1180 752 τεκνοποι-

155 781 313 866 ήσασθαι.
345 777 510 867 Ἡρακλῆς
528 777 566 848 δέ
583 784 666 866 μίαν
683 786 827 869 νομίζων
844 779 930 849 εἶναι
943 779 1007 868 τήν
1020 779 1075 850 άεί
1091 804 1175 852 συν·
1195 801 1211 852 5

157 880 396 968 ευναζομέυην,
422 884 575 967 συνῆλθε
598 881 730 961 πάσαις.
765 881 823 948 καὶ
845 882 1092 970 χειρωσάμενος
1117 884 1180 954 τὸν

156 983 277 1050 λέοντα
295 981 356 1068 τήν
374 981 437 1069 μὲν
455 980 562 1070 δοράν
579 976 783 1070 ήμφιάσατο,
800 985 847 1075 τῷ
865 981 1008 1072 χάσματι
1022 984 1061 1053 δέ
1076 986 1175 1074 ἐχρή-

156 1104 236 1151 σατο
254 1082 386 1171 κόρυθι.

104 1201 136 1252 11
231 1181 482 1271 ἀνακάμπτοντι
500 1182 538 1251 δέ
556 1177 651 1276 αύτῷ
669 1180 737 1252 άπδ
754 1188 814 1272 τῆς
831 1182 942 1273 θήρας
955 1184 1179 1275 συνήντησαν

154 1284 298 1373 κήρυκες
317 1283 408 1373 παρὰ
420 1284 576 1373 Ἐργίνου
591 1285 816 1373 πεμφθέντες,
834 1291 892 1355 ’ίνα
905 1284 997 1377 παρά
1013 1295 1177 1376 Θηβαίων
1194 1307 1213 1360 λι

155 1384 216 1454 τδν
227 1384 357 1473 δασμὸν
371 1385 529 1476 λάβωσιν.
558 1387 697 1455 ἐτέλουν
711 1385 749 1454 δέ
763 1392 800 1455 οί
812 1393 954 1475 Θηβαῖοι
966 1387 1027 1456 τδν
1043 1389 1177 1478 δασμὸν

129 1485 294 1580 ιἘργίνω
313 1485 359 1557 δι’
380 1494 494 1557 αἰτίαν
511 1487 623 1573 τήνδε.
659 1486 841 1575 Κλύμενον
864 1485 924 1557 τδν
943 1495 1093 1559 Μινυῶν
1110 1498 1175 1579 βα-

154 1590 247 1657 σιλέα
265 1595 353 1680 λίθῳ
371 1587 488 1677 βαλών
497 1590 691 1669 Μενοικέως
709 1587 858 1676 ήνίοχος,
876 1587 983 1678 ὄνομα
992 1591 1175 1681 Περιήρης,

155 1692 191 1757 έν
206 1686 391 1781 Ὀγχηστῷ,
410 1690 624 1769 Ποσειδῶνος
642 1691 783 1778 τεμένει,
800 1691 988 1779 τιτριάσκει·
1019 1689 1039 1761 δ’
1057 1693 1096 1762 δὲ
1113 1720 1175 1761 κο-

153 1792 285 1877 μισθεὶς
309 1798 359 1871 είς
379 1789 583 1880 Ὀρχομενὸν
607 1789 752 1878 ήμιθυής
784 1793 976 1879 ἐπισκήπτει
1005 1797 1175 1864 τελευτῶν
1194 1815 1213 1866 Ῑλ

129 1891 295 1985 3Ἐργίνςο
313 1897 360 1984 τῷ
379 1892 472 1961 παιδὶ
492 1893 662 1979 ἐκδικῆσαι
678 1891 739 1961 τδν
757 1892 909 1962 θάνατον
923 1891 1039 1963 αύτού.
1068 1915 1175 1984 στρα-

153 1994 358 2081 τευσάμενος
372 1994 411 2062 δὲ
422 1992 573 2081 Ἐργῖνος
589 1995 642 2062 ἐπὶ
661 1994 787 2082 Θήβας,
806 2002 940 2076 κτείνας
955 1994 1019 2065 ούκ
1032 1989 1175 2084 ὀλίγους

154 2098 331 2164 ἐσπείσατο
348 2093 427 2182 μεθ’
448 2093 572 2183 ὅρκων,
598 2093 690 2174 ὅπως
714 2096 891 2183 πέμπωσιν
914 2093 1010 2188 αύτῷ
1030 2106 1175 2187 Θηβαῖοι

153 2194 284 2283 δασμὸν
299 2197 354 2265 ἐπὶ
369 2205 495 2265 είκοσιν
506 2202 575 2285 ἔτη,
590 2192 674 2264 κατά
690 2201 763 2277 ἔτος
778 2195 897 2265 ἑκατόν
909 2197 1003 2286 βόας.
1024 2200 1174 2269 ἐπὶτοῦ-

152 2323 212 2364 τον
225 2294 287 2365 τὸν
302 2296 432 2384 δασμδν
446 2304 496 2377 είς
510 2299 624 2386 Θήβας
638 2297 716 2378 τούς
734 2297 884 2386 κήρυκας
902 2297 1066 2380 άπιόντας
1084 2321 1173 2370 συν·
1192 2323 1213 2372 ν

126 2397 267 2485 ιτυχύν
282 2397 446 2487 Ἡρακλῆς
466 2399 675 2486 ἐλωβήσατο·
708 2393 892 2486 άποταμων
909 2399 976 2488 γάρ
994 2399 1112 2471 αύτῶν
1129 2402 1172 2472 τά

153 2491 221 2566 εἶτα
239 2499 296 2567 καὶ
313 2497 373 2579 τάς
391 2503 507 2587 ῥῖνας,
529 2499 586 2567 καί
605 2498 659 2567 διά
679 2506 837 2587 σχοινίων
853 2500 913 2582 τάς
930 2515 1046 2590 χεῖρας
1065 2500 1174 2589 δήσας

153 2604 190 2669 ἐκ
214 2605 283 2669 τῶν
307 2600 495 2688 τραχήλων,
529 2608 594 2689 ἐφη
624 2604 747 2670 τοῦτον
767 2599 911 2694 Ἐργίνῳ
937 2603 994 2672 καὶ
1020 2603 1173 2686 Μινύαις

152 2701 284 2790 δασμὸν
302 2710 454 2791 κομίζειν.
493 2701 549 2791 ἐφ’
570 2699 621 2783 οἷς
639 2698 842 2789 άγανακτοῖν
868 2702 1088 2791 ἐστράτευσεν
1115 2708 1172 2775 ἐπὶ

125 2823 138 2862 5
154 2799 275 2890 Θήβας.
307 2801 473 2893 Ἡρακλῆς
492 2805 530 2873 δέ
548 2804 664 2891 λαβών
678 2803 765 2873 ὅπλα
780 2803 858 2892 παρ’
870 2804 1018 2893 Ἀθηνᾶς
1032 2809 1090 2874 καὶ
1104 2832 1170 2875 πο·
1190 2829 1213 2879 21

151 2907 327 2994 λεμαρχῶν
342 2900 497 2991 Ἐργῖνον
514 2903 577 2992 μὲν
597 2911 731 2992 ἔκτεινε,
754 2904 834 2986 τούς
854 2906 892 2974 δὲ
909 2906 1049 2988 Μινύας
1075 2909 1172 2995 ἐτρέ·

152 3021 237 3088 ψατο
261 3006 318 3073 καὶ
341 3006 401 3074 τὸν
425 3003 556 3093 δασμὸν
574 3009 717 3074 διπλοῦν
735 3005 904 3093 ήνάγκασε
924 3014 1079 3095 Θεβαίοις
1104 3012 1170 3096 φέ-

152 3134 232 3196 ρειν.
261 3108 386 3194 συνέβη
400 3106 438 3175 δὲ
451 3105 534 3175 κατά
548 3102 611 3196 τῆν
626 3107 736 3194 μάχην
748 3105 989 3196 Ἀμφιτρύωνα
1003 3117 1170 3195 γενναίως

96 3283 99 3288 ,
124 3208 341 3296 ῖμαχόμενον
371 3213 576 3296 τελευτῆσαι.
626 3208 787 3296 λαμβάνει
819 3207 857 3277 δέ
884 3207 1049 3297 Ἡρακλῆς
1076 3210 1168 3299 παρά

150 3312 321 3397 Κρέοντος
339 3307 506 3399 άριστεῖον
524 3308 588 3398 τήν
606 3310 839 3399 πρεσβυτάτην
858 3312 1032 3401 θυγατέρα
1045 3314 1166 3400 Μεγά-
1186 3329 1213 3382 3(

151 3410 226 3499 ραν,
243 3414 276 3492 ἐξ
289 3403 329 3499 ῆς
343 3411 437 3504 αύτῷ
453 3418 571 3492 παῖδες
587 3414 741 3497 ἐγένοντο
755 3427 856 3500 τρεῖς,
873 3419 1066 3501 Θηρίμαχος
1077 3422 1166 3500 Κρε-

150 3512 303 3600 οντιάδης
322 3514 488 3602 Δηικόων.
524 3511 587 3601 τήν
604 3512 642 3582 δὲ
659 3513 829 3602 νεωτέραν
852 3515 1027 3604 θυγατέρα
1046 3519 1165 3606 Κρέων
