2446 3944
111 201 155 266 40
420 180 811 265 ἑνιιιι-

110 360 263 448 γατέρων
280 356 339 442 τάς
362 359 424 449 μέν
443 361 591 449 κεφαλάς
615 368 684 431 τών
708 367 869 450 νυμφίων
895 363 932 429 ἐν
949 363 992 448 τῇ
1012 359 1132 450 Λίρνη

109 460 329 551 κατώρυξαν,
348 463 388 531 τά
407 461 446 532 δὲ
464 463 601 552 σώματα
616 463 682 551 πρὸ
700 465 760 550 τής
778 464 909 543 πόλεως
929 460 1130 550 ἐκήδευσαν.

110 565 167 632 καὶ
185 561 291 645 αὐτάς
309 562 480 651 ἐκάθηραν
495 560 622 652 Ἀθηνᾶ
641 591 678 633 τε
694 565 750 633 καὶ
764 562 886 655 Ἑρμῆς
906 563 989 644 Διὸς
1007 562 1130 633 κελεά·

73 684 243 744 12σαντος.
289 663 427 744 Δαναός
454 664 493 733 δὲ
522 663 668 755 ὕστερον
696 665 969 754 Ὑπερμνήστραν
1000 674 1136 750 Λυγκεῖ

112 766 295 856 συνῴκισε,
310 762 371 845 τάς
379 764 418 834 δὲ
431 766 550 846 λοιπάς
563 767 756 855 θυγατέρας
770 775 820 846 είς
833 765 1000 854 γυμνικὸν
1012 765 1132 852 άγώνα
1150 783 1170 845 ,5

110 881 182 947 τοῖς
200 871 341 935 νικώσιν
359 869 495 936 ἐδωκεν.

41 1048 44 1053 ,
72 989 97 1028 ¹³
187 961 366 1055 Ἀμυμώνη
390 967 428 1038 δὲ
453 970 489 1036 ἐιι
514 973 728 1048 Ποσειδῶνος
754 971 914 1056 ἐγέννησε
937 967 1133 1038 Ναόπλιον.

113 1059 213 1148 οὗτος
231 1070 413 1158 μακρόβιος
430 1069 625 1157 γενόμενος,
642 1069 755 1138 πλέων
768 1068 830 1158 τήν
843 1068 1042 1157 θάλασσαν,
1059 1084 1133 1149 τοῖς

113 1171 338 1256 ἐμπίπτουσιν
364 1171 418 1239 ἐπὶ
441 1169 583 1261 θανάτῳ
608 1171 798 1260 ἐδυσφόρει.
835 1172 961 1258 συνέβη
986 1160 1051 1239 οὖν
1072 1173 1132 1238 καλ

115 1268 225 1339 αὐτόν
243 1276 439 1357 τελευτῆσαι
456 1274 575 1363 ἐκείνῳ
592 1274 640 1362 τῷ
658 1272 798 1365 θανάτῳ
826 1265 918 1365 ᾧπερ
943 1269 1057 1340 ἄλλων
1074 1297 1130 1340 τε·
1146 1289 1176 1340 ι(

75 1394 101 1431 1⁴
115 1371 354 1459 λευτησάντων
372 1372 563 1460 ἐδυσφόρει.
596 1372 678 1461 πρὶν
701 1371 741 1442 δὲ
763 1375 975 1460 τελευτῆσαι,
994 1379 1130 1460 ἔγημεν,

112 1470 158 1553 ώς
175 1472 238 1560 μὲν
257 1478 294 1542 οί
314 1474 466 1562 τραγικοὶ
493 1475 646 1561 λέγουσι,
670 1476 854 1562 Κλυμένην
878 1475 940 1561 τήν
958 1476 1132 1560 Κατρέως,

111 1570 158 1654 ώς
173 1573 211 1642 δὲ
224 1571 243 1641 ὁ
258 1574 320 1643 τοώ
326 1601 343 1653 ς
357 1572 501 1655 νόστους
514 1575 660 1661 γράψας,
678 1574 843 1663 Φιλόραν,
858 1572 903 1655 ώς
917 1574 955 1644 δέ
970 1574 1132 1664 Κέρκωψ,

106 1671 286 1762 Ἡσιόνην,
321 1676 379 1743 καὶ
404 1673 561 1763 ἐγέννησε
585 1675 796 1765 Παλαμήδην
821 1685 930 1747 Οἴακα
954 1677 1132 1763 Ναυσιμέ-

111 1779 225 1845 δοντα.
541 1818 550 1841 ι
1150 1795 1176 1846 R

75 1888 96 1950 2
190 1875 348 1965 Λυγκεύς
367 1876 405 1946 δὲ
421 1877 503 1966 μετὰ
523 1878 667 1948 Δαναόν
680 1876 1069 1974 Ἀργονςδυναστεάων
1097 1880 1131 1958 ἐξ

111 1975 383 2067 Ὑπερμνήστρας
407 1994 523 2047 τεκνοῖ
546 1984 652 2048 παῖδα
666 1977 826 2065 ’Ἀβαντα
863 1977 987 2048 τούτου
1012 1978 1132 2047 δὲκαὶ

109 2077 268 2164 ’Λγλαλας
281 2084 340 2166 τής
354 2080 554 2160 Μαντινέως
568 2083 708 2168 δίδυμοι
721 2084 838 2160 παῖδες
853 2081 1008 2166 ἐγένοντο
1018 2079 1133 2169 Ἀκρι-

86 2202 98 2240 2
112 2200 183 2259 σιος
200 2180 258 2249 καλ
275 2189 431 2277 Προῖτος.
457 2173 551 2249 οὗτοι
567 2179 721 2250 καὶκατὰ
736 2181 952 2269 γαστρδςμὲν
971 2187 1019 2250 ἐτι
1035 2177 1132 2260 ὄντες

111 2282 308 2364 ἐστασίαζον
326 2281 412 2370 πρὸς
430 2278 598 2366 ἀλλήλους
605 2334 615 2369 ,
643 2282 689 2362 ώς
708 2281 746 2350 δὲ
772 2279 1028 2371 όνετράφησαν,
1051 2282 1131 2369 περὶ
1149 2303 1176 2353 2(

52 2408 57 2415 ·
111 2386 172 2468 τῆς
189 2388 361 2469 βασιλείας
375 2381 576 2470 ἐπολέμουν,
594 2384 651 2450 καὶ
666 2387 893 2470 πολεμοῦντες
907 2373 1012 2471 εὗρον
1025 2380 1131 2451 ἀσπί-

111 2488 173 2562 δας
202 2487 337 2570 πρώτοι.
378 2482 435 2551 καλ
457 2483 626 2571 κρατήσας
641 2482 805 2570 Ἀκρίσιος
825 2481 1132 2573 ΠροῖτονἈργους

87 2584 297 2664 δέξελαόνει.
334 2581 353 2651 δ
372 2583 411 2652 δέ
427 2573 509 2668 ἧκεν
526 2591 576 2665 είς
593 2593 728 2655 Λυκίαν
745 2585 831 2672 πρὸς
845 2584 1008 2673 Ἰοβάτην,
1027 2583 1073 2664 ώς
1091 2586 1135 2654 δέ

110 2685 198 2764 τινές
216 2704 308 2772 φασι,
327 2683 412 2772 πρδς
429 2682 675 2774 Ἀμφιάνακτα·
711 2688 769 2755 καλ
792 2703 892 2774 γαμεῖ
916 2684 979 2772 τήν
1003 2685 1130 2755 τούτου

109 2787 295 2874 θυγατέρα,
315 2783 360 2867 ώς
377 2784 615 2875 μέν”ομηρος,
634 2785 809 2875 Ἀντειαν,
835 2786 880 2868 ώς
899 2786 938 2856 δὲ
955 2792 992 2856 ολ
1006 2814 1124 2873 τραγι-
1147 2807 1176 2858 2ο

110 2893 184 2976 κοί,
210 2888 431 2975 Σθενέβοιαν.
467 2888 604 2975 κατάγει
628 2888 667 2958 δὲ
690 2887 797 2956 αὐτὸν
821 2882 1021 2976 ὁκηδεστής
1043 2887 1128 2975 μετά

111 2993 258 3077 στρατοῦ
277 2996 436 3077 Λυκίων,
454 2990 512 3059 καὶ
529 2988 777 3076 καταλαμβάνει
800 2997 976 3078 Τίρυνθα,
1000 2989 1130 3076 ταύτην

83 3087 204 3182 4αάτῳ
219 3091 421 3161 Κυκλώπων
442 3090 666 3178 τειχισάντων.
685 3089 900 3178 μερισάμενοι
916 3090 955 3159 δὲ
971 3087 1034 3177 τήν
1049 3088 1129 3176 Ἀρ-

109 3199 209 3275 γείαν
228 3189 364 3261 ἅπασαν
377 3192 567 3283 κατῴκουν,
581 3192 638 3259 καὶ
651 3189 815 3279 Ἀκρίσιος
829 3189 1049 3280 μὲνἈργους
1063 3199 1129 3278 βα-

74 3312 92 3362 2
110 3293 246 3381 σιλεόει,
261 3306 408 3381 Προῖτος
422 3293 460 3362 δὲ
475 3300 656 3382 Τίρυνθος.
685 3293 741 3361 καὶ
755 3301 886 3378 γίνεται
895 3290 1051 3385 Ἀκρισίῳ
1063 3292 1129 3380 μὲν
1147 3310 1176 3362 3ο

110 3395 144 3474 ἐξ
165 3389 361 3481 Εὐρυδίκης
378 3399 438 3481 τής
455 3399 710 3482 Λακεδαίμονος
729 3393 862 3481 Δανάη,
877 3398 1015 3486 Προίτῳ
1033 3393 1072 3462 δὲ
1091 3397 1128 3462 ἐκ

82 3515 96 3555 2
110 3502 320 3581 Σθενεβοίας
334 3500 496 3585 Λυσίππη
510 3497 568 3564 καὶ
583 3492 788 3584 Ἰφιάνασσα.
813 3487 913 3563 αὗται
930 3493 969 3563 δὲ
989 3495 1035 3576 ώς
1047 3497 1127 3564 ’ἐτε-
