2446 3944
110 191 154 257 20
436 204 797 253 -1863—

111 349 310 438 Αἰγιάλειαν
326 348 389 438 τήν
405 347 605 436 Ἀδράστου,
624 347 646 437 ή
666 348 711 430 οἱς
731 357 815 420 ἔνιοί
825 373 908 440 φασι
921 352 985 440 τήν
1000 360 1128 440 Αίγια-
1146 433 1155 443 ,

112 453 209 539 λέως,
229 455 287 522 έπί
303 479 337 522 τε
357 452 470 539 Θήβας
488 453 545 520 καὶ
571 459 696 538 Τροίαν
714 453 920 541 ἐστράτευσε.

72 560 92 625 9
184 559 253 623 των
267 553 305 622 δέ
316 554 445 624 Αίόλου
460 556 594 621 παίδων
605 551 766 641 Ἀθάμας,
781 555 1001 624 δυναστεύων
1013 566 1126 626 Βοιω-

106 661 193 744 τίας,
212 657 249 724 ἐκ
259 656 415 743 Νεφέλης
428 668 543 723 τεκνοῖ
557 658 663 722 παῖδα
680 654 743 742 μέν
755 657 881 744 Φρίξον
893 657 1071 745 θυγατέρα
1085 657 1125 727 δδ

97 756 230 844 Ἕλλην.
264 748 366 836 αῦθις
385 756 423 824 δέ
437 755 511 824 Ἰνιδ
529 770 632 843 γαμεῖ
638 808 648 843 ,
667 756 699 837 ἐξ
718 748 759 843 ής
778 754 870 848 αὐτῷ
890 757 1042 846 Λέαρχος
1060 761 1120 830 καὶ
1138 779 1156 830 5

81 857 316 946 2Μελικέρτης
335 857 500 945 ἐγένοντο.
533 857 802 945 ἐπιβουλεύουσα
821 858 859 927 δέ
874 853 948 927 'lvd
966 875 1036 940 τοῖς
1052 866 1125 930 Νε-

107 960 211 1048 φέλης
228 961 357 1039 τέκνοις
375 964 484 1028 έπεισε
500 957 561 1038 τάς
580 974 745 1046 γυναῖκας
763 959 823 1028 τόν
838 959 951 1047 πυρόν
964 960 1124 1049 φρύγειν.

108 1061 341 1148 λαμβάνουσαι
364 1059 401 1129 δέ
425 1059 542 1149 κρύφα
566 1062 636 1128 τῶν
661 1057 800 1150 άνδρῦν
823 1065 924 1130 τοῦτο
943 1067 1124 1152 ἔπρασσον.

108 1168 151 1250 γή
162 1161 200 1231 δέ
214 1162 474 1251 πεφρυγμένους
488 1161 621 1248 πυροῦς
631 1162 792 1250 δεχομένη
802 1160 954 1244 καρποῦς
968 1165 1125 1251 ἐτησίους

81 1260 173 1332 θοόν
192 1257 368 1333 άνεδίδου·
388 1260 439 1331 διό
454 1261 595 1350 πέμπων
613 1259 631 1331 ό
647 1261 796 1350 Ἀθάμας
811 1270 859 1344 είς
870 1264 1034 1353 Δελφοὺς
1053 1262 1123 1333 άπ-
1145 1285 1163 1336 ιι

108 1362 260 1451 αλλαγήν
278 1364 489 1433 ἐπυνθάνετο
507 1369 566 1450 τῆς
590 1362 745 1452 ἀφορίας.
776 1362 849 1434 Ἰνά
873 1364 911 1434 δέ
933 1366 1016 1445 τοῦς
1034 1390 1119 1455 πεμ-

108 1464 259 1554 φθέντας
273 1463 426 1535 άνέπεισε
439 1467 549 1553 λέγειν
564 1462 609 1545 ῦς
624 1475 674 1553 είη
683 1466 913 1554 κεχρησμένον
923 1467 1123 1537 παύσασθαι

82 1565 169 1654 4τήν
183 1566 366 1654 άκαρπίαν,
382 1565 441 1635 ἐάν
455 1569 573 1654 σφαγή
587 1563 677 1635 Λιὶό
695 1569 829 1655 Φρίξος.
857 1569 956 1636 τοῦτο
970 1565 1122 1650 άκοάσας

102 1666 271 1755 Ἀθάμας,
296 1665 630 1753 συναναγκαζόμενος
653 1665 721 1736 ῦπὸ
745 1670 815 1736 τῶν
838 1666 899 1755 τήν
923 1672 988 1756 γήν
1006 1695 1122 1739 κατοι-

105 1769 273 1856 κούντων,
291 1771 336 1860 τῷ
349 1770 452 1860 βωμῷ
467 1767 654 1856 παρέστησε
669 1770 806 1858 Φρίξον.
834 1770 971 1857 Νεφέλη
986 1769 1024 1838 δέ
1037 1770 1120 1857 μετά
1141 1789 1163 1840 li

106 1876 166 1958 τής
184 1868 357 1957 θυγατρός
375 1868 482 1939 αὐτόν
508 1866 700 1959 άνήρπασε,
724 1870 781 1938 καὶ
804 1868 895 1957 παρά
916 1867 1039 1960 Ἑρμοῦ
1060 1879 1123 1940 λα-

106 1977 217 2060 βοῦσα
233 1972 469 2061 χρυσόμαλλον
486 1968 583 2059 κριόν
603 1975 741 2059 ἐδωκεν,
761 1968 809 2058 ἐφ’
830 1963 872 2040 οῦ
886 1970 1067 2060 φερόμενοι
1081 1973 1120 2043 δι’

83 2070 261 2163 δοῦρανοῦ
276 2076 339 2158 γῆν
353 2067 373 2140 έ
379 2071 567 2160 περέβησαν
580 2071 637 2139 καὶ
645 2071 833 2142 θάλασσαν.
854 2071 899 2153 οδς
914 2072 952 2142 δέ
966 2075 1124 2159 ἐγένοντο

110 2171 194 2241 κατά
212 2171 273 2260 τήν
290 2173 413 2261 μεταξύ
432 2173 589 2260 κειμένην
605 2170 784 2241 θάλασσαν
805 2181 942 2262 Σιγείου
961 2175 1017 2242 καὶ
1032 2185 1123 2266 Χερ-

112 2273 272 2363 ρονήσου,
291 2271 435 2343 ὤλισθεν
453 2280 501 2353 είς
519 2271 579 2341 τόν
592 2273 706 2361 βυθόν
719 2272 862 2363 ήἝλλη,
880 2272 980 2345 κάκεί
990 2277 1124 2345 θανοῦ-
1142 2298 1163 2345 ει

112 2396 171 2463 σης
185 2374 290 2463 αὐτῆς
303 2373 359 2444 ἀπ’
375 2377 503 2462 ἐκείνης
516 2371 759 2461 Ἑλλήσποντος
775 2376 902 2464 ἐκλήθη
916 2375 953 2445 τό
969 2377 1125 2463 πέλαγος.

85 2495 97 2535 6
113 2478 236 2563 Φρίξος
251 2476 288 2545 δέ
301 2469 407 2562 ήλθεν
421 2484 470 2557 είς
481 2474 646 2561 Κόλχους,
662 2465 710 2544 ὧν
720 2477 847 2565 Λίήτης
861 2479 1037 2566 ἐβασίλευε
1045 2493 1127 2560 παίς

108 2576 225 2645 Ἡλίου
237 2579 294 2645 καὶ
306 2583 508 2666 Περσηίδος,
517 2572 667 2665 άδελφός
678 2576 715 2646 δέ
724 2585 853 2667 Κίρκης
863 2579 919 2647 καὶ
929 2580 1125 2669 Πασιφάης,

110 2676 153 2765 ἣν
172 2685 294 2758 Μίνως
313 2683 445 2766 ἔγημεν.
482 2669 580 2758 οὗτος
597 2675 703 2747 αῦτδν
721 2678 921 2767 ὑποδέχεται
928 2733 938 2769 ,
962 2682 1019 2749 καὶ
1043 2690 1128 2770 μίαν

110 2784 181 2846 των
205 2779 407 2867 θυγατέρων
425 2777 621 2866 Χαλκιόπην
639 2784 787 2850 δίδωσιν.
822 2778 840 2849 δ
859 2781 897 2849 δὲ
920 2781 981 2851 τόν
998 2783 1163 2871 χρυσέ-2

113 2888 242 2968 μαλλον
256 2878 352 2969 κριόν
362 2882 421 2950 Διὶ
434 2879 513 2949 θάει
527 2882 649 2972 φυξίῳ,
664 2880 702 2949 τό
719 2880 756 2950 δὲ
769 2882 892 2952 τούτου
903 2884 1003 2973 δέρας
1013 2885 1126 2974 Αίήτη

115 2985 272 3051 δίδωσιν·
301 2984 430 3061 ἐκεῖνος
454 2981 492 3050 δὲ
516 2974 600 3049 αὐτό
627 2981 704 3070 περὶ
729 2986 817 3070 δρῦν
837 2986 873 3053 ἐν
893 2981 1009 3072 ’Ἁρεος
1034 2984 1129 3055 άλσει

89 3082 326 3170 ῖκαθήλωσευ.
363 3083 519 3168 ἐγένοντο
543 3081 581 3150 δὲ
607 3083 643 3150 ἐκ
662 3084 854 3173 Χαλκιόπης
875 3085 989 3178 Φρίξῳ
1008 3092 1127 3166 παῖδες

109 3181 234 3273 ’Ἄργος
254 3186 372 3264 Μέλας
392 3183 536 3273 Φρόντις
556 3189 763 3271 Κυτίσωρος.

82 3306 98 3354 2
195 3284 342 3374 Ἀθάμας
367 3286 406 3354 δέ
428 3284 573 3374 ὕστερον
597 3282 652 3353 διά
677 3290 777 3372 μήνιν
791 3285 898 3375 Ἥρας
923 3290 1071 3357 καὶτῶν
1096 3290 1162 3371 ἐξ3

114 3385 224 3466 Ἰνοῦς
236 3386 398 3475 ἐστερήθη
413 3393 560 3457 παίδων·
575 3383 679 3466 αῦτός
692 3386 755 3473 μὲν
769 3388 834 3477 γάρ
843 3391 960 3476 μανεὶς
976 3390 1129 3469 ἐτόξευσε

117 3488 284 3577 Λέαρχον,
304 3487 379 3557 Ἰνὼ
398 3487 436 3557 δέ
455 3488 667 3577 Μελικέρτην
684 3488 756 3575 μεθ’
778 3492 899 3577 έαυτής
917 3497 965 3570 είς
983 3493 1128 3578 πέλαγος
