2446 3944
113 184 132 248 6
441 192 804 257 -ιεοεκ

113 340 348 431 Μνημοσύνης
378 338 527 429 μούσας,
559 339 695 429 πρύτην
725 338 789 427 μέν
822 335 1030 425 Καλλιόπην,
1061 335 1136 407 είτα

113 444 221 514 Κλειὼ
240 443 470 531 Μελπομένην
488 439 667 531 Εὐτέρπην
682 438 805 530 Ἐρατώ
830 439 1038 530 Τερψιχόρην
1059 438 1136 510 013-

114 553 237 632 ρανίαν
256 543 400 615 Θάλειαν
419 550 629 630 Πολυμνίαν.

79 664 95 714 2
189 643 383 732 Καλλιόπης
397 644 460 733 μέν
473 636 537 713 οῦν
551 646 609 712 καί
620 644 786 734 Οίάγρου,
804 639 878 712 κατ’
902 645 1076 731 ἐπίκλησιν
1096 644 1135 713 δὲ

109 747 341 835 Ἀπόλλωνος,
355 752 477 834 Λίνος,
492 742 708 835 δνἩρακλής
718 743 904 832 ἀπέκτεινε,
917 747 974 814 καὶ
985 743 1133 833 Ὀρφεύς
1151 766 1169 816 ο

113 845 300 938 ὁάσκήσας
318 853 542 942 κιθαρῳδίαν,
566 843 604 929 ὃς
629 845 723 938 ήίδωγ
750 851 851 917 ἐκίνει
876 852 998 926 λίθους
1015 873 1052 914 τε
1075 849 1134 916 καὶ

86 972 99 1011 2
113 953 247 1038 δένδρα.
285 949 528 1039 ἀποθανούσης
542 949 579 1018 δέ
594 947 792 1039 Εὐρυδίκης
810 953 868 1037 τῆς
885 946 1045 1035 γυναικός
1065 937 1133 1016 αῦ-

110 1058 189 1141 τοῦ,
215 1058 395 1142 δηχθείσης
412 1050 480 1121 ῦπδ
499 1049 626 1138 ὅῳεως,
649 1045 816 1139 κατῆλθεν
834 1048 1000 1150 εἰς”ᾼδου
1018 1049 1134 1119 θέλων

111 1150 298 1240 ἀναγαγεῖν
316 1150 436 1241 αῦτήν,
454 1154 511 1222 καλ
520 1152 710 1223 Πλούτωνα
730 1157 859 1222 ἔπεισεν
877 1149 1081 1240 άναπέμψαι.
1113 1149 1133 1221 δ

111 1255 149 1324 δέ
158 1252 322 1343 ὑπέσχετο
336 1259 439 1323 τοῦτο
452 1254 616 1342 ποιήσειν,
634 1249 677 1324 ἂν
691 1254 736 1343 μή
750 1252 978 1344 πορευόμενος
985 1252 1131 1342 Ὀρφεύς
1151 1276 1171 1327 ιι

111 1359 302 1446 ἐπιστραφῇ
326 1357 408 1446 πρὶν
433 1363 483 1437 είς
507 1355 570 1444 τήν
593 1362 707 1427 οίκίαν
731 1356 840 1426 αῦτοῦ
863 1354 1131 1445 παραγενέσθαι·

112 1455 131 1528 δ
149 1459 188 1528 δέ
206 1458 356 1528 άπιστῶν
376 1460 594 1549 ἐπιστραφείς
614 1460 777 1529 ἐθεάσατο
795 1457 857 1546 τήν
875 1473 1034 1545 γυναῖκα,
1053 1452 1074 1544 ή
1092 1460 1132 1529 δέ

85 1562 212 1630 θπάλιν
235 1558 460 1651 ὑπέστρεψεν.
496 1551 575 1650 εῦρε
594 1560 632 1629 δὲ
646 1557 792 1649 Ὀρφεύς
815 1559 872 1629 καὶ
894 1559 934 1627 τά
954 1558 1130 1631 Διονύσου

109 1651 1129 1751 μυστήρια,καὶτέθαπταιπερλτήνΠιερίανδιασπασθεὶςύπὸ

76 1780 93 1832 3
109 1766 180 1833 τῶν
197 1763 380 1850 μαινάδων.
419 1762 528 1833 Κλειώ
542 1763 713 1853 δέΠιέρου
727 1767 789 1832 τοῦ
800 1764 981 1851 Μάγνητος
995 1763 1129 1854 ἠράσθη
1150 1785 1171 1835 ΙΞ

109 1863 194 1934 κατά
219 1869 320 1953 μήνιν
342 1863 738 1958 Ἀφροδίτης’(ύνείδισε
762 1865 828 1956 γάρ
854 1863 943 1954 αύτή
973 1863 1035 1935 τόν
1066 1873 1128 1936 τοῦ

106 1963 286 2047 Ἀδώνιδος
305 1968 450 2058 ἔρωτα),
474 1973 692 2038 συνελθοῦσα
709 1967 748 2036 δὲ
767 1971 948 2055 ἐγέννησεν
968 1971 1000 2050 ἐξ
1020 1967 1128 2038 αύτοῦ

108 2073 215 2136 παῖδα
228 2065 419 2160 Ὑάκινθον,
445 2061 489 2138 οῦ
509 2068 659 2158 Θάμυρις
686 2062 702 2137 ό
725 2070 947 2158 Φιλάμμωνος
971 2069 1027 2137 καὶ
1050 2067 1127 2160 Ἀρ-

108 2168 228 2256 γιόπης
254 2168 390 2258 νύμφης
418 2177 514 2259 ἔσχεν
542 2175 666 2261 ἔρωτα,
691 2175 824 2260 πρῶτος
842 2169 1026 2262 ἀρξάμενος
1046 2175 1126 2261 ἐράν

83 2268 273 2361 εάρρένων.
312 2270 387 2342 ἀλλ’
403 2269 582 2343 Ὑάκινθον
599 2271 663 2361 μέν
680 2269 824 2363 ὕστερον
839 2272 1014 2343 Ἀπόλλων
1038 2273 1124 2364 έρύ-
1144 2292 1171 2344 ε(

108 2398 211 2459 μενον
230 2370 311 2441 ὄντα
330 2378 438 2466 δίσκῳ
455 2372 572 2462 βαλῶν
590 2373 682 2444 άκων
700 2372 891 2463 άπέκτεινε,
917 2374 1068 2462 Θάμυρις
1087 2375 1125 2444 δέ

107 2473 221 2541 κάλλει
239 2474 422 2564 διενεγκιάν
449 2477 507 2545 καὶ
530 2482 721 2568 κιθαρῳδία
745 2478 823 2566 περὶ
845 2481 1008 2565 μουσικῆς
1032 2474 1126 2567 ήρισε

106 2573 264 2662 μούσαις,
291 2578 518 2666 συνθέμενος,
542 2573 585 2646 άν
603 2578 666 2666 μέν
684 2584 846 2667 κρείττων
864 2577 1012 2668 εῦρεθή,
1038 2586 1124 2667 πλη-

108 2674 234 2746 σιάσειν
253 2677 392 2769 πάσαις,
419 2678 479 2749 ἐάν
498 2679 536 2750 δὲ
553 2679 700 2770 ήττηθή,
725 2679 991 2769 στερηθήσεσθαι
1015 2671 1056 2749 οῦ
1082 2677 1125 2748 άν

109 2780 234 2847 ἐκεῖναι
250 2779 383 2848 θέλωσι.
420 2784 673 2873 καθυπέρτεραι
691 2781 729 2850 δὲ
753 2786 792 2851 αί
806 2787 932 2870 μοῦσαι
948 2781 1126 2869 γενόμεναι
1143 2800 1171 2850 25

106 2881 164 2947 καί
182 2885 251 2948 τῶν
268 2877 429 2968 ὀμμάτων
442 2877 550 2951 αύτόν
564 2884 621 2951 κοιλ
634 2888 693 2971 τής
707 2889 916 2976 κιθαρῳδίας
932 2885 1123 2972 ἐστέρησαν.

72 2998 89 3046 4
109 2978 287 3071 Εὐτέρπης
311 2982 349 3051 δὲ
372 2984 429 3051 καὶ
453 2987 606 3071 ποταμοῦ
631 2984 833 3072 Στρυμόνος
853 2978 987 3073 Ῥήσος,
1019 2981 1059 3052 δν
1087 2986 1124 3053 έν

113 3088 217 3174 Τροίη
236 3083 408 3172 Διομήδης
427 3083 638 3154 άπέκτεινεν·
675 3085 721 3165 ῦς
739 3085 778 3155 δὲ
797 3091 879 3156 ἔνιοι
899 3087 1056 3173 λέγουσιν
1074 3084 1125 3154 ὅτι

106 3185 301 3274 Καλλιόπης
324 3184 485 3275 ῦπήρχεν.
527 3195 670 3268 Θαλείας
690 3187 728 3257 δὲ
745 3190 803 3257 καί
817 3185 1030 3269 ’Λπόλλωνος
1049 3187 1124 3274 ἐγέ-

105 3312 206 3354 νοντο
223 3286 460 3376 Κορύβαντες,
481 3290 706 3377 Μελπομένης
726 3289 764 3358 δέ
781 3294 839 3360 καί
854 3288 1023 3382 Ἀχελῴου
1042 3299 1120 3358 Σει-
1141 3302 1171 3354 3ο

106 3389 225 3475 ρῆνες,
244 3389 322 3476 περὶ
342 3381 390 3457 οῦν
409 3391 447 3458 έν
464 3406 535 3472 τοίς
553 3393 630 3482 περὶ
647 3385 836 3474 Ὀδυσσέως
855 3396 1007 3483 ἐροῦμεν.

72 3505 88 3555 5
175 3487 263 3579 Ἥρα
288 3490 326 3559 δέ
349 3491 452 3580 χωρὶς
473 3488 576 3580 εῦνής
595 3492 984 3583 ἐγέννησενἭφαιστον·
1022 3489 1067 3571 ῦς
1085 3489 1124 3559 δὲ

726 3717 746 3753 b
