2446 3944
150 111 192 174 52
482 122 842 171 -2513—
1217 40 1221 227 ή

152 268 190 338 δὲ
215 274 274 356 τῆς
302 270 417 356 ἑτέρας
442 270 619 357 ἐπεισῆλθε
643 275 689 363 τῷ
712 277 838 361 θηρίῳ,
862 271 919 340 καλ
937 272 1091 358 περιθεὶς
1109 268 1174 360 τήν

151 384 245 459 χείρα
263 375 310 462 τῷ
327 369 482 462 τραχήλῳ
500 373 660 458 κατέσχεν
678 368 792 458 άγχων
811 374 873 450 ἕως
892 373 1014 458 ἔπνιξε,
1032 372 1092 440 καί
1109 374 1175 441 θέ·
1219 382 1221 455 ζ

125 492 251 560 εμενος
271 473 326 541 ἐπὶ
341 478 410 539 των
425 469 527 559 ὤμων
541 472 687 560 ἐκόμιζεν
702 478 749 553 είς
763 472 941 559 Μυκήνας.
969 473 1175 563 καταλαβών

152 574 190 642 δὲ
203 574 264 642 τόν
273 571 456 661 Μόλορχον
471 576 507 642 ἐν
521 578 562 664 τῇ
577 581 754 665 τελευταίᾳ
766 579 836 643 τάν
849 573 985 662 ήμερων
1000 567 1046 654 οὕς
1060 578 1173 666 νεκρῷ

151 675 316 763 μέλλοντα
334 672 372 742 τό
393 680 516 762 ἱερεῖον
535 678 708 762 ἐναγίζειν,
735 680 860 764 σωτήρι
877 675 991 755 θύσας
1010 675 1070 746 Διὶ
1088 666 1204 763 ἦγεν-ο

151 784 201 855 είς
208 775 379 861 Μυκήνας
392 774 452 845 τὸν
467 777 596 845 λέοντα.
616 774 823 865 Εὕρασθεῦς
838 775 876 846 δέ
889 776 1092 865 καταλαβὼν
1105 775 1173 846 αό-

150 879 212 946 τοῦ
231 876 294 963 τήν
312 876 475 965 ἀνδρείαν
493 874 616 947 άπεῑπε
633 876 671 946 τό
690 879 809 946 λοιπὸν
822 877 916 968 αὐτῷ
931 885 980 957 είς
994 876 1058 965 τήν
1072 877 1174 947 πόλιν

152 979 306 1064 εἰσιέναι,
338 977 505 1047 δεικνύειν
533 978 570 1046 δὲ
597 978 662 1067 πρὸ
688 983 757 1046 τῶν
783 980 902 1048 πυλῶν
930 980 1063 1048 ἐκέλευε
1091 978 1173 1059 τοός

125 1077 291 1158 ὂάθλους.
327 1081 412 1167 φασδ
431 1079 470 1148 δὲ
486 1077 538 1149 ὅτι
556 1085 670 1160 δείσας
695 1081 751 1147 καὶ
776 1088 882 1149 πίθον
905 1078 1000 1172 αὐτῷ
1019 1085 1173 1166 χαλκοῦν

152 1184 373 1268 εἰσκρυβῆναι
387 1176 454 1249 ὕπδ
470 1183 533 1267 χής
551 1181 786 1268 κατεσκεύασε,
804 1181 862 1250 καὶ
879 1182 1021 1269 πέμπων
1039 1181 1180 1271 κήρυκα,
1189 1196 1221 1249 1⁰

152 1283 290 1370 Κοπρέα
298 1284 453 1363 Πέλοπος
466 1287 529 1351 τοῦ
539 1279 673 1352 Ἠλείου
689 1282 845 1352 ἐπέταττε
857 1279 1090 1362 τούςῦθλους.
1108 1273 1171 1352 οὕ-

152 1412 206 1465 τος
225 1383 262 1453 δὲ
271 1381 401 1472 Ἴφιτον
419 1391 565 1469 κτείνας,
587 1383 710 1473 φυγάν
728 1389 777 1464 είς
797 1382 963 1471 Μυκήνας
981 1385 1039 1453 καί
1057 1382 1173 1471 τνχών

153 1484 233 1573 παρ’
255 1483 464 1569 Εὐρυσθέως
483 1490 681 1574 καθαρσίων
700 1487 771 1554 ἐκεί
786 1484 937 1575 κατςόκει.

119 1607 135 1655 2
231 1584 391 1674 δεύτερον
416 1585 455 1655 δὲ
479 1578 589 1656 ἆθλον
614 1587 770 1668 ἐπέταξεν
793 1581 886 1678 αὐτῷ
912 1584 974 1675 τήν
1001 1591 1175 1675 Λερναίαν

153 1688 265 1774 ὕδραν
283 1703 427 1756 κτεῖναι·
465 1687 550 1774 αὕτη
568 1685 607 1755 δὲ
626 1691 663 1756 έν
680 1692 730 1778 τῷ
746 1691 807 1775 τής
821 1689 952 1779 Λέρνης
972 1691 1037 1758 ἕλει
1052 1690 1177 1775 έιιτρα-Ι
1195 1700 1221 1756 11

154 1804 255 1880 φείσα
275 1791 442 1875 ἐξέβαινεν
460 1797 509 1870 είς
526 1788 564 1857 τδ
583 1796 703 1859 πεδίον
721 1791 778 1858 καὶ
793 1791 836 1857 τά
848 1815 885 1858 τε
902 1789 1098 1877 βοσκήματα
1114 1790 1175 1858 καὶ

154 1891 216 1978 τήν
242 1890 355 1978 χάραν
379 1889 579 1978 διέφθειρεν.
622 1889 692 1977 εἶχε
716 1889 754 1959 δὲ
779 1887 800 1978 ή
826 1887 916 1978 ὕδρα
941 1889 1176 1981 ὑπερμέγεθες

156 1998 264 2080 σῶμα,
283 1989 431 2079 κεφαλάς
450 1998 526 2080 ἕχον
545 1993 654 2077 ἐννέα,
679 1989 739 2071 τοὶς
756 1991 820 2080 μὲν
844 1988 933 2061 ὀκτὼ
950 1991 1095 2079 θνητάς,
1112 1989 1178 2078 τήν

131 2095 195 2160 εδδ
214 2095 320 2181 μέσην
338 2091 520 2162 ἀθάνατον.
558 2093 674 2181 ἐπιβάς
692 2084 756 2160 οὖν
774 2092 938 2183 ἅρματος,
955 2090 1178 2180 ἡνιοχοῦντος

154 2189 295 2280 Ἰολάου,
322 2195 525 2283 παρεγένετο
543 2201 592 2273 είς
610 2193 671 2282 τήν
688 2196 835 2282 Λέρνην,
860 2196 917 2262 καὶ
934 2192 1017 2272 ,τοῦς
1034 2192 1098 2282 μὲν
1116 2199 1221 2263 ίπ-υί

158 2322 243 2375 πους
262 2302 388 2384 ἔστησε,
416 2295 479 2383 τήν
502 2295 540 2364 δέ
563 2292 674 2383 ὕδραν
698 2293 812 2384 εόρών
831 2301 868 2363 ἒν
885 2322 950 2364 τινι
968 2294 1065 2386 λόφῳ
1083 2295 1179 2384 παρὰ

157 2398 217 2477 τάς
232 2396 341 2485 πηγάς
354 2403 413 2483 τής
422 2395 633 2485 Ἀμυμώνης,
649 2394 735 2464 ὅπου
751 2393 909 2484 ὁφωλεδς
919 2394 1179 2486 αὕτήςάπήρχε,

133 2515 146 2555 3
158 2495 274 2585 βαλοδν
287 2500 398 2584 βέλεσι
411 2501 663 2586 πεπυρωμένοις
676 2497 870 2586 ήνάχκασεν
880 2499 1042 2583 ἐξελθεῖν,
1059 2499 1180 2584 ἐκβαί-

159 2619 290 2668 νουσαν
308 2598 346 2667 δὲ
360 2596 469 2685 αὐτήν
483 2599 649 2688 κρατήσας
663 2614 826 2687 κατεῖχεν.
857 2595 880 2685 ἣ
897 2599 936 2668 δὲ
954 2598 1089 2691 θατέρῳ
1107 2601 1181 2667 τῶν

160 2703 277 2769 ποδῶν
290 2699 438 2787 ἠνείχετο
452 2710 701 2789 περιπλακεῖσα,
729 2705 777 2790 τῷ
792 2701 931 2792 ῥοπάλῳ
945 2699 983 2768 δὲ
996 2699 1057 2779 τὰς
1069 2726 1181 2788 κεφα-
1199 2714 1221 2768 ει·

160 2802 222 2882 λάς
240 2800 377 2869 κόπτων
394 2798 498 2871 οὐδὲν
517 2796 638 2871 άνῦειν
653 2800 813 2870 ε’δάνατο·
841 2805 917 2889 μιᾶς
930 2800 997 2889 γάρ
1011 2803 1180 2889 κοπτομέ-

161 3005 255 3095 ὕδρᾳ
269 3003 516 3093 ὑπερμεγέθης,
532 3002 668 3072 δάκνων
681 3002 741 3071 τόν
755 3000 854 3072 πόδα.
887 3005 938 3072 διδ
954 3003 1181 3072 τοῦτονάπο-

161 3113 294 3186 κτείνας
314 3106 535 3176 ἐπεκαλέσατο
552 3105 609 3173 καί
627 3103 730 3184 αὐτὸς
748 3105 878 3193 βοηθὸν
901 3104 961 3174 τὸν
973 3103 1115 3197 Ἰόλαον,
1140 3100 1181 3184 δς

163 3204 263 3296 μέρος
281 3236 310 3276 τι
328 3207 543 3296 καταπρήσας
561 3209 619 3294 τής
638 3204 739 3292 ένγῦς
757 3204 842 3293 ὕλης
864 3220 933 3287 τοῖς
959 3211 1076 3285 δαλοῖς
1103 3208 1178 3274 ἐπι·
1196 3218 1221 3274 θλ

164 3316 271 3378 καίων
288 3309 347 3388 τάς
365 3307 532 3389 άνατολάς
555 3313 624 3377 τάν
642 3306 892 3395 ἀναφυομένων
914 3310 1073 3395 κεφαλῶν
1092 3306 1180 3376 ἐκά-

139 3430 151 3470 δ
165 3419 246 3480 λνεν
265 3406 403 3479 άνιέναι.
447 3409 530 3479 κατά
549 3416 671 3479 τοῦτον
684 3408 746 3477 τόν
760 3402 967 3495 τρόπον’τῶν
980 3406 1177 3496 άναφυομέ-
