2446 3944
118 185 160 249 48
448 198 812 249 -ειεε-

116 342 443 434 ἔφη’στρατεύσειν,
465 345 526 415 ἐάν
549 345 716 435 πρότερον
740 348 868 426 ἐκεῖνος
885 346 948 434 τήν
962 351 1146 435 Καδμείαν

114 453 179 534 τῆς
197 442 371 527 ἀλώπεκος
389 443 581 536 ἀπαλλάξῃ·
626 455 762 536 ἔφθειρε
787 445 853 535 γάρ
877 445 940 535 τήν
965 452 1146 536 Καδμείαν

120 544 257 634 ἀλῶπηξ
275 554 411 636 θηρίον.
452 545 665 628 ὑποστάντος
683 550 733 637 δέ,
760 546 850 636 ὅμως
869 546 1082 637 εἱμαρμένον
1096 541 1146 637 ήν

80 665 102 714 7
121 648 230 737 αύτήν
248 649 336 736 μηδέ
349 674 425 717 τινα
443 656 655 739 καταλαβεῖν.
691 647 915 739 ἀδικουμένης
939 650 976 719 δὲ
993 654 1054 738 τῆς
1072 651 1145 738 χῶ-
1219 654 1222 659 ’

122 779 194 841 ρας,
214 751 274 818 ἕνα
291 750 362 818 τῶν
378 744 491 819 ἀστῶν
510 756 615 821 παῑθα
633 757 670 820 οί
685 757 827 839 Θηβαῖοι
844 748 928 819 κατά
945 756 1036 839 μῆνα
1054 776 1144 840 προ-
1162 769 1179 820 5

122 858 280 922 ετίθεσαν
294 850 396 940 αύτή,
411 851 558 933 πολλούς
573 851 786 941 άρπαξούση,
800 857 900 921 τούτο
910 857 943 921 εί
947 851 991 942 μή
999 853 1144 939 γένοιτο.

95 952 326 1038 θάπαλλαγεὶς
344 943 408 1021 οὖν
422 949 638 1042 Ἀμφιτρύων
657 960 704 1034 είς
719 950 865 1041 Ἀθήνας
883 951 971 1041 πρὸς
980 955 1146 1042 Κέφαλον

120 1054 179 1124 τῶν
205 1053 397 1140 Δηιονέως,
421 1054 635 1140 συνέπειθεν,
659 1056 715 1124 ἐπὶ
737 1055 829 1143 μέρει
852 1060 922 1123 τῶν
946 1052 1012 1124 ἀπὸ
1035 1062 1145 1144 Τηλε-

122 1159 214 1245 βοῶν
233 1153 411 1243 λαφύρων,
428 1153 524 1241 ἀγειν
542 1156 597 1224 ἐπὶ
614 1154 676 1243 τήν
693 1156 808 1245 θήραν
825 1153 887 1224 τὸν
900 1155 988 1225 κύνα
1002 1151 1145 1245 ὃυΠρύ·

15 1274 18 1279 ’
121 1284 195 1346 κρις
211 1253 342 1341 ήγαγεν
361 1257 398 1324 έκ
416 1255 551 1347 Κρήτης
569 1255 660 1346 παρά
674 1264 816 1337 Μίνωος
835 1260 1002 1343 λαβοῦσα·
1038 1249 1086 1345 ήν
1101 1256 1143 1326 δὲ
1161 1272 1194 1327 10

122 1358 179 1428 καὶ
196 1353 306 1448 τούτῳ
323 1359 545 1446 πεπρωμένον
563 1364 645 1446 πᾶν,
665 1355 684 1427 ὅ
702 1385 732 1426 τι
750 1353 793 1427 άυ
807 1357 925 1446 διῶκη,
944 1358 1141 1449 λαμβάνων.

122 1457 328 1546 διωκομένης
342 1450 407 1527 ούν
420 1453 490 1528 ύπό
505 1465 567 1528 τού
581 1460 684 1540 κυνὸς
697 1464 757 1547 τῆς
770 1456 956 1547 άλῶπεκος,
971 1457 1061 1540 Ζεύς
1071 1457 1140 1549 ἀμ-

89 1577 107 1616 ³
122 1562 286 1650 φοτέρους
305 1567 427 1639 λίθους
446 1562 613 1648 ἐποίησεν.
645 1559 861 1649 Ἀμφιτρύων
874 1560 913 1629 δὲ
927 1567 1014 1648 έχων
1028 1562 1066 1631 έκ
1078 1560 1143 1650 μὲν

123 1664 270 1747 Θορικού
284 1664 343 1746 τῆς
354 1658 501 1748 Ἀττικῆς
512 1661 671 1750 Κέφαλον
685 1666 941 1751 συμμαχοῦντα,
960 1663 997 1730 ἐκ
1011 1660 1050 1731 δέ
1061 1672 1142 1735 Φω-

119 1763 207 1832 κέων
226 1763 400 1848 Πανοπέα,
426 1764 463 1831 έκ
487 1762 526 1831 δέ
534 1760 656 1843 Ἕλους
680 1768 738 1850 τῆς
752 1760 908 1850 Ἀργείας
923 1760 1055 1833 Ἕλειον
1080 1761 1142 1833 τὸν
1163 1782 1194 1834 15

122 1863 292 1951 Περσέως,
312 1866 348 1931 ἐκ
366 1862 405 1931 δὲ
423 1867 548 1952 Θηβῶν
566 1866 730 1954 Κρέοντα,
749 1864 808 1944 τάς
826 1869 895 1933 τῶν
920 1871 1059 1953 Ταφίων
1076 1864 1141 1953 νή-

93 1983 107 2021 4
122 1986 204 2044 σονς
219 1963 366 2050 ἐπόρθει.
395 1962 471 2054 ἄχρι
483 1964 546 2053 μέν
560 1957 624 2034 οὖν
638 1971 690 2053 έζη
700 1967 902 2054 Πτερέλαος,
916 1960 981 2034 ούκ
996 1966 1143 2035 ἐδύνατο

120 2064 184 2151 τήν
197 2065 313 2152 Τάφον
328 2067 433 2133 ἑλεῖν·
462 2063 506 2146 ῶς
520 2065 559 2134 δὲ
572 2062 795 2156 ήΠτερελάου
809 2066 965 2155 θυγάτηρ
971 2064 1141 2155 Κομαιθῶ

121 2169 303 2255 ἐρασθεῖσα
318 2163 569 2255 Ἀμφιτρύωνος
587 2165 649 2255 τήν
666 2172 796 2256 χρυσῆν
814 2176 912 2257 τρίχα
932 2171 994 2237 τοῦ
1013 2166 1142 2255 πατρὸς

122 2270 158 2337 ἐκ
171 2269 229 2355 τῆς
243 2272 392 2355 κεφαλῆς
406 2269 557 2355 ἐξείλετο,
572 2268 766 2357 Πτερελάου
779 2268 1040 2358 τελευτήσαντος
1055 2274 1142 2357 ἐχει·
1162 2287 1197 2341 20

94 2385 108 2426 5
123 2368 253 2458 ρῶσατο
266 2367 325 2449 τάς
339 2368 466 2457 νήσους
480 2368 623 2450 ἁπάσας.
644 2368 706 2457 τήν
719 2370 782 2459 μὲν
796 2362 861 2440 ούν
870 2370 1034 2459 Κομαιθῶ
1048 2377 1142 2441 κτεί-

120 2499 183 2550 νας
199 2469 411 2561 Ἀμφιτρύων
434 2471 491 2540 καὶ
514 2469 576 2557 τήν
601 2477 695 2540 λείαν
720 2478 804 2557 ἔχων
830 2478 879 2552 είς
899 2471 1012 2559 Θήβας
1036 2477 1143 2558 έπλει,

121 2573 178 2640 κοιλ
204 2569 263 2650 τάς
290 2572 415 2659 νήσους
435 2566 551 2664 Ἑλείῳ
574 2572 631 2640 καί
654 2574 802 2664 Κεφάλω
826 2577 956 2642 δίδωσι.
991 2570 1144 2644 κάκεῖνοι

122 2673 235 2752 πόλεις
253 2668 367 2740 αύτῶν
388 2673 589 2762 ἐπωνύμους
607 2681 780 2752 κτίσαντες
797 2673 1005 2767 κατῴκησαν.

85 2790 104 2842 8
197 2771 262 2861 πρό
280 2779 342 2842 τού
360 2773 398 2843 δέ
412 2771 651 2864 Ἀμφιτρύωνα
669 2775 919 2865 παραγενέσθαι
945 2783 994 2857 είς
1013 2774 1143 2865 Θήβας,
1162 2798 1196 2850 25

123 2873 211 2955 Ζεύς
230 2873 284 2942 διά
301 2873 424 2956 νυκτὸς
443 2873 556 2944 ἐλθῶν
573 2876 630 2944 καὶ
647 2876 710 2963 τήν
723 2881 805 2963 μίαν
817 2877 1058 2967 τριπλασιάσας
1071 2876 1140 2948 νύ-

46 3002 49 3008 ·
121 3005 195 3064 κτα,
213 2973 324 3064 ὅμοιος
339 2973 566 3065 Ἀμφιτρύωνι
583 2975 766 3067 γενόμενος
781 2975 950 3067 Ἀλκμήνη
965 2978 1140 3048 συνευνά-

87 3095 108 3135 2
123 3089 197 3166 σθη
206 3079 262 3147 καί
276 3077 316 3146 τά
329 3077 495 3167 γενόμενα
509 3079 587 3166 περὶ
606 3085 784 3168 Τηλεβοῶν
794 3079 988 3168 θιηγήσατο.
1017 3076 1141 3168 Ἀμφι-

120 3178 234 3269 τρύων
253 3178 290 3248 δέ
308 3180 579 3269 παραγενόμενος
605 3176 650 3261 ῶς
674 3178 736 3268 ούχ
757 3179 845 3270 ἐῶρα
864 3183 1139 3270 φιλοφρονουμέ-

120 3306 184 3367 νην
202 3279 286 3369 πρὸς
304 3280 410 3350 αύτὸν
427 3280 488 3370 τήν
505 3295 664 3369 γυναῖκα,
690 3281 902 3351 ἐπυνθάνετο
926 3281 989 3370 τήν
1007 3287 1135 3353 αἰτίαν·
1159 3301 1194 3354 30

114 3381 283 3468 ,εἰπούσης
301 3382 339 3451 δὲ
358 3381 408 3452 ὅτι
424 3387 466 3472 τῆ
485 3389 632 3475 προτέρᾳ
649 3382 748 3453 νυκτὶ
761 3383 1034 3472 παραγενόμενος
1049 3384 1137 3473 αύτή
1187 3442 1191 3449 .

115 3489 391 3572 συγκεκοίμηται,
404 3484 570 3573 μανθάνει
584 3484 674 3575 παρά
687 3491 859 3574 Τειρεσίου
873 3482 936 3574 τήν
949 3486 1139 3574 γενομένην
