2446 3944
142 184 183 247 26
497 182 816 245 -ιίιο-

144 343 251 412 λύκον
261 340 389 411 Ἰάσων.
417 336 517 422 οὗτος
532 339 610 435 ᾤκει
625 345 662 411 ἐν
672 341 809 435 Ἰωλκῷ,
824 347 881 430 τῆς
895 342 932 412 δὲ
943 341 1080 412 Ἰωλκοῦ
1091 354 1167 414 Πε-

143 450 218 523 λίας
239 446 435 532 ἐβασίλευσε
449 444 531 531 μετὰ
542 444 694 532 Κρηθέα,
715 435 742 535 ᾦ
756 444 919 536 χρωμένῳ
933 446 1083 534 περὶτῆς
1099 453 1167 533 βα-

144 551 271 625 σιλείας
290 544 468 614 ἐθέσπισεν
492 542 511 612 δ
535 544 617 624 θεὸς
641 543 701 613 τδν
725 544 982 632 μονοσάνδαλον
1006 545 1166 633 φνλάξα-
1201 552 1204 557 ’

118 663 131 701 2
145 658 234 715 σθαι.
262 644 300 714 τδ
314 644 377 733 μὲν
391 638 456 715 ούν
469 648 605 734 πρῶτον
619 645 735 732 ἠγνόει
747 643 809 714 τδν
826 644 991 734 χρησμόν,
1005 637 1108 726 αὖθις
1125 647 1166 717 δέ

143 745 286 834 ὕστερον
305 745 411 816 αύτόν
431 752 528 832 ἔγνω.
567 752 675 817 τελῶν
692 746 758 837 γάρ
778 747 832 815 ἐπὶ
849 749 891 837 τῇ
909 747 1067 837 θαλάσση
1090 758 1199 832 Hor}

144 851 280 917 σειδῶνι
296 855 427 917 θυσίαν
445 847 571 928 άλλους
589 875 625 917 τε
643 847 792 928 πολλούς
811 850 866 917 έπλ
885 847 993 938 ταύτῃ
1017 851 1075 919 καί
1101 848 1163 919 τόν

117 945 272 1018 θἸάσονα
290 950 532 1037 μετεπέμψατο.
569 946 588 1017 δ
607 949 645 1019 δὲ
662 950 762 1041 πόθῳ
776 955 941 1036 γεωργίας
957 953 994 1018 έν
1008 964 1078 1031 τοῖς
1092 978 1163 1038 χω·

144 1058 229 1138 ρίοις
247 1053 410 1120 διατελῶν
429 1057 592 1120 ἔσπευσεν
611 1052 667 1119 ἐπὶ
680 1049 743 1137 την
756 1058 897 1137 θυσίαν,
917 1054 1105 1139 διαβαίνων
1123 1051 1162 1120 δέ

143 1149 474 1240 ποταμόν”Αναυρον
485 1151 604 1238 ἐξῆλθε
612 1149 878 1238 μονοσάνδαλος,
890 1150 929 1219 τὸ
944 1153 1060 1239 ἕτερον
1074 1150 1162 1222 άπο-

99 1254 242 1332 -4λέσας
268 1255 373 1344 ἐντῷ
397 1255 524 1346 ῥείθρῳ
550 1254 695 1322 πέδιλον.
736 1252 948 1340 θεασάμενος
972 1253 1010 1322 δὲ
1033 1260 1161 1335 Πελίας
1181 1284 1214 1336 10

143 1348 250 1422 αύτδν
268 1354 326 1421 καί
343 1351 403 1421 τόν
420 1355 572 1442 χρησμὸν
597 1351 782 1442 συμβαλών
806 1350 920 1443 ἠρώτα
944 1353 1160 1443 προσελθων,

142 1460 178 1524 τί
194 1451 236 1523 άν
256 1457 413 1542 ἐποίησεν
432 1457 591 1537 ἐξουσίαν
611 1461 709 1544 ἔχων,
727 1460 760 1524 εἰ
775 1455 890 1542 λόγιον
907 1447 951 1542 ἦν
965 1452 1060 1548 αύτῷ
1074 1456 1160 1547 πρός

142 1582 233 1636 τινος
252 1556 530 1643 φονευθήσεσθαι
546 1560 614 1625 τῶν
632 1560 789 1626 πολιτῶν.
824 1554 844 1625 δ
860 1558 911 1644 δέ,
930 1566 997 1626 εἴτε
1012 1558 1160 1627 ἐπελθόν

142 1655 271 1744 άλλως,
290 1667 358 1726 είτε
376 1655 430 1725 διά
448 1662 550 1745 μῆνιν
559 1656 684 1746 Ἥρας,
709 1656 757 1726 ἵν’
785 1663 879 1728 ἔλθοι
900 1659 1007 1727 κανδν
1025 1659 1160 1747 Μήδεια

143 1765 252 1848 Πελία
266 1756 344 1845 (τὴν
357 1755 538 1849 γάρἭραν
552 1757 612 1828 οὐκ
627 1757 737 1846 ἐτίμα)
747 1810 757 1845 ,
766 1755 832 1826 “vd
846 1759 1084 1847 χρυσόμαλλον
1099 1762 1157 1830 δέ·
1178 1781 1212 1833 15

114 1876 129 1916 ⁶
142 1853 224 1946 ρας”
240 1865 303 1948 ἔφη
314 1857 334 1885 “
342 1860 567 1948 προσέταττον
580 1856 624 1928 άν
637 1861 752 1948 φέρειν
766 1856 894 1952 αύτῷ”.
919 1865 1017 1931 τοῦτο
1030 1870 1159 1944 Πελίας

141 1957 293 2041 άιιούσας
311 1960 418 2041 εύθύς
443 1963 499 2030 ἐπὶ
521 1959 559 2030 τδ
585 1962 685 2049 δέρας
711 1963 827 2030 ἐλθεῖν
846 1961 1021 2031 ἐκέλευσεν
1039 1962 1159 2034 αύτόν.
1194 2012 1197 2017 -

141 2063 242 2130 τοῦτο
270 2065 307 2131 ἐν
325 2061 468 2149 Κόλχοις
493 2053 537 2148 ἦν
566 2064 602 2130 έν
620 2060 738 2151 Ἀρεος
765 2060 860 2129 άλσει
884 2062 1094 2150 κρεμάμενον
1122 2067 1160 2135 ἐκ

142 2162 265 2251 δρυός,
285 2166 485 2253 ἐφρουρεῖτο
502 2161 540 2232 δὲ
557 2161 627 2232 ύπδ
647 2162 831 2250 δράκοντος
849 2161 995 2233 άύπνου.

114 2281 128 2320 ⁶
220 2265 275 2333 ἐπὶ
300 2269 399 2332 τοῦτο
426 2263 638 2352 πεμπόμενος
660 2263 780 2333 Ἰάσων
795 2262 924 2354 Ἀργον
952 2265 1160 2355 παρεκάλεσε
1177 2288 1214 2339 20

141 2365 203 2433 τδν
223 2366 365 2455 Φρίξου,
388 2363 543 2445 κάκεῖνος
563 2364 707 2453 Ἀθηνᾶς
730 2363 945 2454 ὑποθεμένης
972 2367 1161 2453 πεντηκόν-

141 2470 340 2553 τορονναῦν
349 2465 574 2536 κατεσκεύασε
586 2463 648 2554 την
663 2478 1001 2555 προσαγορευθεῖσαν
1015 2466 1081 2538 άπὸ
1096 2475 1161 2538 τού

141 2567 455 2648 κατασκευάσαντος
469 2566 579 2657 Ἀργοό
587 2585 593 2601 ·
628 2567 712 2636 κατὰ
727 2566 765 2636 δὲ
778 2567 840 2655 τὴν
854 2571 996 2660 πρῷραν
1012 2569 1159 2658 ἐνήρμο-

116 2686 128 2726 7
143 2687 203 2736 σεν
213 2663 340 2755 Ἀθηνᾶ
355 2672 491 2755 φωνῆεν
505 2671 618 2756 φηγοῦ
633 2674 691 2756 τῆς
703 2673 911 2749 Δωδωνίδος
921 2669 1035 2750 ξύλον.
1063 2668 1110 2750 ὥς
1120 2672 1160 2740 δὲ

141 2767 162 2854 ἡ
175 2772 263 2848 ναῦς
276 2768 547 2857 κατεσκευάσθη,
562 2768 644 2859 [καὶ]
660 2769 822 2862 χρωμένῳ
835 2763 854 2837 ὁ
868 2769 1049 2862 θεδςαύτςό
1057 2779 1156 2841 πλεῖν
1175 2792 1210 2844 25

144 2871 302 2958 ἐπέτρεψε
325 2878 592 2960 συναθροίσαντι
621 2869 699 2950 τούς
724 2870 886 2957 άρίστονς
910 2876 969 2958 τῆς
988 2868 1158 2952 Ἑλλάδος.

106 2969 113 2986 ’
142 2975 177 3040 οί
192 2970 229 3040 δὲ
247 2972 555 3059 συναθροισθέντες
580 2972 668 3040 είσὶν
692 2976 782 3057 οἵδε,
813 2981 924 3059 Τῖφυς
938 2971 1094 3060 Ἁγνίου,
1121 2970 1160 3054 δς

142 3072 307 3160 ἐκυβέρνα
324 3071 387 3161 την
404 3078 504 3160 ναῦν,
521 3071 665 3162 Ὀρφεύς
685 3072 852 3161 Οίάγρου,
880 3073 989 3161 Ζήτης
1007 3076 1064 3143 καὶ
1082 3074 1160 3143 Κά-

22 3202 26 3209 ·
141 3180 217 3253 λαίς
235 3174 375 3262 Βορέου,
395 3172 539 3263 Κάστωρ
557 3176 614 3242 καί
634 3172 853 3262 Πολυδεύκης
870 3174 974 3262 Διός,
997 3175 1159 3264 Τελαμδιν

114 3275 198 3343 ικαὶ
217 3275 353 3361 Πηλεύς
375 3281 505 3345 Αίοιιιού
514 3328 524 3364 ,
544 3274 710 3364 Ἡρακλῆς
729 3274 830 3363 Διός,
856 3272 987 3364 Θησεύς
1011 3277 1158 3367 Αἰγέως,
1177 3296 1211 3350 30

133 3372 224 3454 Ἴδας
255 3377 312 3444 καὶ
344 3377 499 3463 Λυγκεὺς
525 3374 717 3465 Ἀφαρέως,
746 3375 951 3466 Ἀμφιάραος
978 3376 1159 3465 Ὀικλέους,

142 3474 289 3556 Καινεύς
314 3478 498 3567 Κυρείνου,
522 3486 710 3567 Παλαίμων
730 3475 916 3565 Ἡφαίστου
939 3475 960 3566 ἢ
985 3484 1158 3566 Αἰτωλοῦ,
