2446 3944
117 209 158 276 66
442 219 805 270 -ετιε-

117 375 223 438 παῖδα
241 371 298 438 καί
316 375 547 455 Ποσειδῶνος,
567 374 720 438 ἔκτεινεν.
759 369 892 457 ἐτρώθη
914 370 954 439 δέ
970 369 1055 439 κατά
1073 371 1135 460 τὴν

116 469 226 560 μάχην
249 468 415 560 Ἡρακλῆς
432 469 502 540 ύπό
522 470 781 556 Χαλκώδοντος,
808 472 864 540 καλ
884 472 965 552 Διὸς
986 472 1136 561 ἐξαρπά-

115 592 236 654 σαντος
255 571 364 642 αύτδν
389 570 493 642 οὐδὲν
512 578 626 641 ἔπαθε.
664 572 840 661 πορθήσας
863 572 902 641 δὲ
923 576 981 643 Κῶ
1006 565 1068 660 ἧκε
1087 572 1131 643 δι’

110 672 261 763 Ἀθηνάν
279 681 329 755 είς
341 676 511 761 Φλέγραν,
525 675 583 743 καὶ
599 671 682 762 μετά
698 679 792 743 θεῶν
809 675 1059 762 κατεπολέμησε
1070 683 1132 746 Γί-

114 803 249 863 γαντας.
1152 798 1168 848 ο

79 898 96 951 2
189 875 256 965 μετ’
271 875 312 946 ού
328 877 416 946 πολύ
432 877 471 945 δὲ
487 875 535 945 ἐπ’
547 874 688 963 Αὐγέαν
699 876 928 966 ἐστρατεύετο,
943 885 1134 967 συναθροί-

113 998 175 1060 σας
189 977 390 1066 Ἀρκαδικδν
407 979 553 1066 στρατὸν
566 980 622 1047 καὶ
637 977 846 1067 παραλαβών
864 979 1050 1059 ἐθελοντάς
1064 983 1134 1048 τών

86 1074 180 1149 εάπό
199 1086 258 1168 τῆς
272 1079 433 1160 Ἑλλάδος
451 1080 626 1168 ἀριστέων.
659 1078 796 1166 Αὐγέας
814 1080 852 1148 δὲ
865 1080 927 1148 τὸν
940 1079 1002 1169 ἀφ’
1020 1080 1134 1171 Ἦρα-

112 1183 232 1263 κλέους
244 1180 393 1270 πόλεμον
406 1178 543 1251 άκούων
555 1181 756 1270 κατέστησεν
767 1179 908 1250 Ἠλείων
917 1183 1133 1270 στρατηγούς

112 1282 268 1374 Εὔρυτον
285 1285 342 1352 καὶ
360 1284 509 1354 Κτέατον
527 1297 713 1371 συμφυεῖς,
737 1289 775 1352 οἳ
788 1282 932 1371 δυνάμει
953 1284 1036 1363 τούς
1056 1282 1131 1353 τότε
1149 1301 1171 1354 ιλ

111 1383 316 1472 ἀνθρώπους
329 1379 575 1474 ύπερέβαλλον,
594 1389 714 1465 παῖδες
728 1384 766 1454 δέ
780 1376 868 1471 ἦσαν
881 1384 1058 1472 Μολιόνης
1073 1386 1132 1454 καὶ

103 1483 274 1575 Ἄκτορος,
295 1489 449 1574 ἐλέγοντο
464 1487 502 1555 δὲ
518 1490 744 1566 Ποσειδῶνος·
770 1484 903 1572 ’Ἁκτωρ
922 1486 961 1555 δὲ
974 1483 1129 1574 άδελφδς

85 1579 153 1673 δῆν
178 1588 326 1675 Αὐγέου.
363 1589 489 1677 συνέβη
514 1588 552 1657 δέ
570 1585 730 1672 Ἡρακλεῖ
751 1586 835 1657 κατά
861 1588 924 1674 τὴν
948 1597 1132 1676 στρατείαν

112 1693 268 1776 νοσῆσαι·
296 1689 351 1757 διὰ
364 1694 466 1757 τοῦτο
480 1691 537 1758 καὶ
552 1689 703 1768 σπονδάς
717 1688 802 1777 πρὸς
820 1689 905 1768 τούς
917 1694 1131 1769 Μολιονίδας

113 1791 300 1876 ἐποιήσατο.
337 1798 373 1860 οδ
388 1790 428 1860 δέ
444 1789 590 1877 ὕστερον
609 1790 802 1877 ἐπιγνόντες
820 1789 927 1859 αὐτὸν
945 1796 1130 1880 νοσοῦντα,
1149 1809 1171 1860 Ιλ

84 1917 98 1955 ι
112 1896 316 1962 ἐπιτίθενται
327 1898 375 1985 τῷ
391 1893 612 1980 στρατεύματι
624 1893 681 1960 καὶ
694 1899 866 1962 κτείνουσι
876 1890 1035 1971 πολλούς.
1055 1892 1132 1963 τότε

110 1994 173 2080 μὲν
196 1986 260 2063 οὖν
284 1994 501 2082 ἀνεχώρησεν
520 1992 702 2082 Ἡρακλῆς·
739 1983 843 2073 αὖθις
867 1993 906 2062 δὲ
931 1998 989 2081 τῆς
1014 2001 1131 2084 τρίτης

113 2094 290 2182 ἰσθμιάδος
313 2096 528 2184 τελουμένης,
542 2092 684 2164 Ἠλείων
709 2092 790 2174 τούς
810 2100 1024 2174 Μολιονίδας
1043 2120 1130 2183 πεμ-

110 2196 249 2278 ψάντων
274 2195 467 2287 συνθύτας,
495 2199 531 2265 ἐν
556 2205 731 2290 Κλεωναῖς
759 2195 960 2282 ἐνεδρεύσας
985 2196 1131 2277 τούτους

106 2291 272 2387 Ἡρακλῆς
290 2295 474 2385 άπέκτεινε,
493 2298 549 2367 καὶ
567 2298 857 2389 στρατευσάμενος
876 2300 932 2367 ἐπὶ
949 2297 1013 2386 τὴν
1024 2289 1124 2367 Ἦλιν
1141 2315 1171 2367 20

83 2396 179 2469 ιεϊλε
197 2399 258 2488 τὴν
277 2399 385 2470 πάλιν.
414 2403 470 2468 καὶ
489 2406 622 2480 κτείνας
640 2400 723 2486 μετά
741 2403 810 2468 τών
828 2403 962 2468 παίδων
983 2397 1128 2484 Αύγέαν

108 2502 277 2590 κατήγαγε
303 2502 436 2590 Φυλέα,
470 2504 527 2570 καὶ
557 2500 669 2592 τούτῳ
696 2499 760 2588 την
789 2508 965 2590 βασιλείαν
991 2505 1127 2571 ἔδωκεν.

109 2609 209 2691 ἐθηκε
228 2603 266 2672 δὲ
283 2604 340 2672 καί
358 2605 419 2672 τὸν
434 2602 662 2692 Ὀλυμπιακὸν
679 2600 810 2690 άγώνα,
830 2602 986 2682 Πέλοπός
1003 2628 1040 2670 τε
1057 2610 1129 2690 βω-

106 2704 173 2792 μὸν
194 2703 367 2792 ἱδρύσατο,
386 2707 443 2773 καὶ
461 2707 554 2775 θεῶν
574 2706 706 2774 δώδεκα
723 2702 856 2793 βωμούς
876 2706 910 2786 ἐξ
931 2708 1097 2790 ἐδείματο.

72 2826 89 2879 3
183 2802 265 2894 μετά
280 2806 318 2876 δὲ
330 2804 535 2894 τήνἭλιδος
549 2805 674 2877 άλωσιν
690 2802 911 2896 ἐστράτευσεν
927 2807 983 2875 ἐπὶ
995 2806 1128 2892 Πύλον,
1145 2820 1171 2872 τί

106 2909 163 2978 καὶ
181 2907 245 2997 τὴν
262 2907 362 2977 πόλιν
381 2908 468 2976 ἑλών
482 2907 740 2998 Περικλύμενον
757 2915 880 2977 κτείνει
896 2905 958 2975 τδν
975 2903 1128 2994 άλκιμώ-

105 3036 207 3079 τατον
224 3014 293 3079 τῶν
308 3011 449 3100 Νηλέως
467 3014 613 3096 παίδων,
632 3007 671 3090 δς
684 3009 906 3098 μεταβάλλων
919 3007 978 3087 τάς
992 3007 1129 3097 μορφάς

107 3112 254 3200 ἐμάχετο.
291 3112 352 3182 τὸν
377 3111 416 3181 δέ
434 3113 553 3200 Νηλέα
570 3113 628 3181 καὶ
653 3111 734 3191 τούς
753 3116 878 3190 παῖδας
897 3107 1005 3179 αὐτού
1023 3111 1129 3198 χωρὶς

25 3220 29 3230 “
107 3215 279 3304 Νέστορος
297 3212 508 3284 άπέκτειυεν·
529 3205 629 3293 ούτος
643 3212 681 3281 δέ
695 3213 771 3293 νέος
787 3209 834 3281 &v
848 3211 939 3301 παρά
955 3218 1130 3299 Γερηνίοις

107 3316 273 3406 ἐτρέφετο.
302 3316 387 3385 κατά
403 3316 441 3384 δὲ
455 3316 517 3402 τὴν
530 3316 641 3404 μάχην
654 3312 828 3411 καίᾌδην
845 3319 968 3401 ἔτρωσε
983 3320 1128 3392 Πυλίοις
1145 3321 1171 3376 3(

105 3422 312 3506 βοηθοῦντα.

79 3539 92 3579 2
185 3518 271 3589 έλών
288 3519 327 3589 δὲ
349 3520 413 3608 τὴν
432 3519 553 3591 Πύλον
579 3517 777 3609 ἐστράτευεν
801 3517 857 3584 ἐπὶ
875 3519 1128 3603 Λακεδαίμονα,
