2446 3944
200 174 239 238 16
528 187 891 236 -ιιτα-

197 333 360 456 τογένεια,
379 324 450 416 ἐξ
429 362 470 455 ης
487 333 571 403 καὶ”
565 345 672 424 Αρεος
681 332 832 416 ”.Οξυλος
848 333 1000 425 Ἀγήνωρ
1013 334 1081 405 δε
1066 365 1083 406 ο
1099 345 1218 408 Πλευ-

198 461 305 522 ρωνος
314 462 422 523 γημας
433 429 631 525 Ἐπικάστην
644 462 706 522 την
719 441 931 517 Καλυδωνος
947 438 1105 526 ἐγέννησε
1121 449 1220 530 Πορ-

155 612 161 622 ,
196 534 307 605 θάονα
318 537 375 604 καὶ
386 527 630 625 Δημονίκην,
609 564 648 624 ης
661 535 744 649 καλ”
737 547 845 627 Αρεος
855 535 989 625 Εὔηνος
1000 545 1127 622 Μῶλος
1137 542 1219 612 Πά-

197 645 254 718 λος
273 638 421 717 Θέστιος.

163 755 180 806 8
275 737 408 826 Εὔηνος
432 729 555 825 μὲν
513 765 577 807 ουν
596 738 756 826 ἐγέννησε
775 737 1054 828 Μάρπησσαν,“
1034 769 1077 828 ην
1091 722 1218 813 Ἀπόλ-

193 847 304 924 λωνος
322 840 593 928 μνηστευομένου
602 837 696 920 Ἴδας
714 833 733 909 ὁ
749 837 919 929 Ἀφαρέως
937 839 1078 932 ἥρπασε,
1098 844 1218 929 λαβών

197 939 288 1029 παρά
309 945 521 1023 Ποσειδῶνος
540 939 631 1029 άρμα
648 939 850 1029 ὑπόπτερον.
877 943 1010 1011 διάκων
1027 943 1065 1013 δέ
1080 941 1217 1035 Εὔηνος

198 1039 248 1129 ἐφ’
269 1039 415 1132 ἅρματος
435 1044 491 1111 ἐπὶ
508 1043 567 1110 τὸν
581 1041 767 1131 Λυκόρμαν
785 1035 871 1129 ήλθε
886 1044 1050 1131 ποταμόν,
1069 1055 1217 1116 καταλα-

196 1150 270 1231 βεῖν
284 1142 323 1212 δὲ
337 1140 378 1212 οὐ
396 1142 583 1230 δυνάμενος
595 1141 677 1222 τούς
690 1142 753 1230 μὲν
767 1148 893 1224 ἵππους
907 1141 1113 1234 άπέσφαξεν,
1133 1149 1216 1218 ἑαυ-

195 1243 257 1312 τόν
275 1243 313 1313 δὲ
331 1250 379 1324 είς
396 1243 457 1313 τὸν
474 1244 626 1332 ποταμόν
644 1249 759 1333 ἔβαλε·
786 1247 844 1314 καὶ
868 1254 1017 1315 καλεῖται
1042 1245 1176 1336 Εὔηνος
1194 1249 1213 1320 ὁ

161 1343 344 1432 θποταμδς
363 1340 444 1435 παρ’
465 1348 606 1415 ἐκείνου.
631 1344 724 1427 Ἴδας
742 1343 781 1415 δὲ
799 1353 847 1428 είς
866 1347 1053 1435 Μεσσήνην
1066 1357 1215 1438 παραγί-

199 1473 302 1533 νειαι,
320 1447 378 1515 καὶ
398 1445 490 1538 αὐτῷ
510 1440 527 1514 ὁ
543 1446 718 1516 Ἀπόλλων
737 1446 926 1569 περιτυχρδν
943 1445 1134 1538 άῳαιρεῖται
1150 1450 1216 1575 τήν

195 1547 310 1636 κόρην.
337 1551 537 1637 μαχομένων
555 1544 656 1616 δὲ’
612 1554 730 1618 αυτῶν
748 1551 826 1639 περί
845 1554 913 1619 τόν
931 1554 991 1636 τῆς
1009 1550 1130 1632 παιδός
1148 1553 1214 1640 γά-

194 1676 286 1736 μων,
306 1648 396 1728 Ζευς
414 1647 576 1728 διαλύσας
595 1648 837 1737 ἐπέτρεψεν’
794 1678 881 1739 αυτη
900 1656 945 1740 τῇ
963 1652 1124 1745 παρθένῳ
1145 1654 1214 1724 ἑλέ-

196 1761 276 1819 σθαι
289 1743 438 1843 ὁποτέρῳ
456 1749 612 1838 βούλεται
630 1765 817 1820 συνοικεῖν·
836 1779 857 1839 η
842 1748 916 1821 “δὲ
934 1753 1131 1841 δείσασα,
1106 1782 1151 1835 ως
1170 1751 1214 1824 διν

194 1848 239 1940 μή
263 1874 423 1942 γηρωσαν
441 1849 549 1938 αὐτήν
569 1848 743 1922 Ἀπόλλων
760 1857 949 1942 καταλίπη,
973 1851 1034 1923 τόν
1047 1853 1194 1926 Μίδαν
1162 1884 1213 1926 ει-

195 1959 268 2022 λετο
286 1951 404 2044 άνδρα.
551 2024 557 2034 ,

144 2070 178 2130 10
274 2061 404 2146 Θεστίῳ
418 2053 457 2123 δὲ
475 2055 508 2136 έξ
524 2051 762 2142 Εὐρυθέμιδος
780 2055 838 2141 τής
853 2061 1040 2178 Κλερβοίας
1055 2057 1212 2180 ἐγένοντο

17 2156 20 2163 ’
194 2157 381 2243 θυγατέρες
404 2153 468 2244 μέν
490 2150 632 2225 Ἀλθαία
655 2156 752 2243 Λήδα
772 2153 1042 2246 Ῥπερμνήστρα,
1071 2156 1212 2248 ἄρρενες

195 2255 259 2325 δδ”
253 2264 390 2343 Ιφικλος
410 2252 565 2337 Εὔιππος
584 2255 780 2381 Πλήξιππος
800 2255 1018 2349 Εὐρύπυλος.

169 2376 182 2415 2
263 2357 517 2448 Πορθάονοςδδ
530 2360 587 2427 καί
606 2355 765 2448 Ευράτης
782 2386 840 2446 της
853 2357 1117 2447 Ιπποδάμαντος
1136 2337 1211 2448 έγέ-

194 2485 295 2527 νοντο
308 2464 426 2541 παιδες
439 2460 503 2548 μὲν
515 2457 663 2540 οίνευς”
659 2471 780 2549 Αγριος
791 2457 974 2541 Ἀλκάθοος
992 2461 1108 2540 Μέλας
1120 2471 1209 2532 Λευ-

193 2558 340 2649 κωπεύς,
356 2560 512 2651 θυγάτηρ
531 2561 569 2630 δὲ
584 2560 753 2650 Στερόπη,
773 2552 841 2644 έξ
820 2589 860 2649 ης
873 2564 930 2630 καί
947 2557 1114 2654 Ἀχελῴου
1130 2573 1210 2633 Σει-

194 2665 299 2747 ρῆνας
316 2661 476 2747 γενέσθαι
493 2662 661 2748 λέγουσιν.

158 2767 177 2833 8
273 2760 398 2843 Οίνεδς
417 2762 455 2831 δὲ
481 2762 675 2849 βασιλεύων
694 2767 901 2844 Καλυδῶνος
926 2762 1016 2853 παρά
1035 2762 1210 2835 Διονύσον

193 2862 305 2952 φυτόν
323 2861 474 2951 ἀμπέλου
493 2870 625 2955 πρῶτος
646 2871 752 2950 ἔλαβε.
789 2864 896 2952 γήμας
915 2864 953 2934 δέ
968 2863 1132 2936 Ἀλθαίαν
1148 2867 1210 2953 τήν

152 2991 157 2997 ·
195 2972 336 3035 Θεστίου
361 2970 467 3056 γεννᾷ
498 2967 620 3054 Τοξέα,
645 2961 685 3034 ὃν
709 2961 812 3046 αότός
839 2973 983 3035 ἔκτεινεν
1008 2965 1209 3055 ὑπερπηδή-

194 3086 299 3136 σαντα
312 3065 376 3155 πήν
392 3065 536 3156 τάφρον,
554 3068 611 3136 καὶ
630 3065 720 3156 παρά
738 3072 858 3136 τοῦτον
873 3069 987 3156 Θυρέα
1000 3069 1057 3137 καὶ
1072 3068 1209 3155 Κλύμε-

192 3193 271 3257 μου,
288 3168 345 3237 καὶ
362 3169 537 3258 θυγατέρα
558 3168 703 3258 Γόργην,
722 3164 765 3255 ἣν
780 3166 995 3257 Ἀνδραίμων
1014 3175 1132 3258 ἔγημε,
1151 3171 1209 3238 καὶ

194 3269 418 3360 Δηιάνειραν,
442 3268 487 3358 ἣν
502 3265 667 3342 Ἀλθαίαν
691 3271 849 3354 λέγουσιν
874 3273 911 3338 ἐκ
931 3272 1103 3341 Διονύσου
1127 3297 1207 3357 γεν·

192 3373 302 3456 νήσαι.
333 3369 419 3459 αὕτη
438 3371 475 3441 δὲ
494 3370 618 3462 ἡνιόχει
631 3373 688 3441 καὶ
707 3368 746 3439 τά
760 3371 843 3440 κατά
862 3370 1009 3460 πόλεμον
1026 3371 1133 3460 ἤσκει,
1150 3371 1208 3440 καὶ

193 3472 270 3561 περὶ
293 3476 362 3541 τάν
386 3472 505 3562 γάμων
523 3474 628 3561 αότής
647 3470 814 3565 Ἡρακλῆς
838 3471 923 3564 πρὸς
937 3471 1105 3566 Ἀχελῷον
1123 3472 1208 3543 έπά-
