2446 3944
129 191 171 259 82
452 203 816 279 -εηεε-

105 374 236 442 εμενον
250 350 421 443 Σατύρων
434 359 575 441 πλῆθος.
603 344 705 433 αὖθις
723 351 762 422 δέ
780 358 819 423 αί
830 353 959 441 Βάκχαι
977 353 1159 444 ἐλύθησαν

133 458 305 544 ἐξαίφνης,
324 455 515 549 Λυκούργῳ
533 453 572 524 δέ
588 462 716 543 μανίαν
735 456 910 544 ἐνεποίησε
924 455 1106 539 Διόνυσος.
1137 456 1158 528 δ

129 557 168 627 δὲ
200 556 356 645 μεμηνώς
383 557 550 646 Δρύαντα
575 553 637 626 τόν
663 560 790 645 παῖδα,
822 552 976 646 ύμπέλου
1004 566 1157 646 νομίζων

128 661 240 747 κλήμα
258 658 409 747 κόπτειν,
426 658 556 753 πελέκει
572 657 700 746 πλήξας
718 656 904 747 ύπέκτειυε,
921 661 979 729 καλ
997 658 1157 750 ἀκρωτη-

103 759 246 849 5ριύσας
264 757 373 829 αύτόν
392 759 617 848 ἐσωφρόνησε.
645 764 704 846 τῆς
718 759 757 828 δὲ
770 764 832 848 γῆς
850 756 1005 850 ύκύρπου
1023 762 1188 850 μενού-ιι

130 883 208 949 σης,
233 866 375 951 ἔχρησεν
403 859 421 930 ό
445 861 526 941 θεὸς
549 860 820 951 καρποφορήσειν
837 859 959 950 αύτήν,
976 857 1020 931 ἂν
1038 873 1154 934 θανα-

127 966 224 1053 τωθῇ
236 969 450 1051 Λυκούργος.
483 960 631 1032 Ἠδωνοὶ
650 961 689 1032 δλ
706 960 912 1044 ἀκούσαντες
931 970 981 1045 είς
998 963 1153 1053 τδΠαγ-

128 1079 228 1153 γαίον
255 1064 364 1134 αύτόν
390 1063 624 1150 ἀπαγαγόντες
650 1061 729 1153 όρος
764 1070 901 1154 ἔδησαν,
935 1063 1035 1135 κύκεί
1065 1069 1164 1137 κατὰ·

128 1165 304 1238 Διονύσου
322 1165 485 1254 βούλησιν
501 1163 571 1234 ύπδ
590 1171 706 1235 ἵππων
724 1167 930 1255 διαφθαρεὶς
948 1165 1112 1239 ἀπόθανε.

93 1288 110 1337 2
204 1264 351 1336 διελθοδν
369 1266 408 1336 δέ
427 1265 566 1357 Θρᾴκην
583 1268 641 1336 καλ
658 1266 722 1354 τήν
736 1266 881 1357 Ἰνδικήν
899 1266 1049 1357 ἅπασαν,
1068 1271 1152 1359 στή-
1169 1290 1199 1342 1⁰

127 1378 188 1450 λος
215 1372 285 1438 ἐκεῖ
309 1369 434 1456 στήσας
459 1362 541 1455 ήκεν
568 1375 616 1450 είς
644 1369 777 1457 Θήβας,
809 1371 867 1438 καλ
894 1371 954 1450 τὰς
981 1385 1151 1457 γυναῖκας

127 1469 297 1560 ήνύγκασε
322 1468 572 1550 καταλιπούσας
597 1469 659 1551 τοὶς
692 1476 804 1551 οἰκίας
829 1467 1007 1559 βακχεύειν
1034 1473 1074 1542 ἐν
1099 1479 1150 1565 τῷ

103 1592 115 1631 ²
131 1579 328 1661 Κιθαιρῶνι.
364 1569 524 1652 Πενθεύς
541 1569 580 1640 δλ
597 1572 776 1659 γεννηθείς
804 1574 837 1654 ἐξ
853 1567 997 1661 Ἀγαυής
1011 1572 1149 1663 Ἐχίονι,

127 1671 218 1762 παραὶ
237 1672 381 1761 Κάδμου
400 1671 549 1761 είληφῶς
566 1672 628 1759 τήν
646 1680 832 1762 βασιλείαν,
859 1673 1022 1744 διεκύλυε
1038 1681 1151 1744 ταῦτα

126 1782 294 1863 γίνεσθαι,
312 1777 370 1844 καλ
388 1772 660 1862 παραγενόμενος
679 1781 728 1854 είς
746 1778 947 1863 Κιθαιρῶνα
966 1779 1037 1846 τόν
1058 1786 1150 1847 Βακ·
1170 1795 1200 1847 15

126 1882 198 1965 χῶν
215 1876 426 1957 κατάσκοπος
443 1873 513 1945 ύπδ
539 1880 598 1964 τής
617 1875 742 1965 μητρὸς
757 1875 903 1963 Ἀγανής
921 1875 1006 1946 καιύ
1020 1886 1151 1966 μανίαν

100 1982 320 2067 θέμελελσθη·
349 1977 482 2065 ἐνόμισε
498 1978 565 2067 γὰρ
583 1976 692 2047 αύτδν
709 1983 833 2067 θηρίον
846 1975 942 2047 εἶναι.
978 1979 1093 2060 δείξας
1110 1979 1151 2050 δὲ

128 2088 288 2169 Θηβαίοις
306 2076 357 2146 ὅτι
373 2078 455 2158 θεός
474 2081 577 2168 ἐστιν,
603 2069 684 2167 ήκεν
709 2085 758 2160 είς
765 2077 911 2169 Ἄργος,
929 2079 1029 2150 κύκεῑ
1044 2080 1150 2150 πόλιν

126 2180 168 2250 ού
192 2180 368 2267 τιμώντων
392 2178 499 2249 αύτδυ
523 2180 659 2270 ἐξέμηνε
680 2179 742 2260 τόις
766 2194 940 2266 γυναῖκας.
984 2188 1024 2250 αδ
1046 2181 1086 2252 δδ
1110 2185 1149 2253 ἐν

125 2296 198 2363 τοῖς
215 2277 308 2371 όρεσι
324 2279 404 2361 τούς
423 2285 675 2369 ἐπιμαστιδίους
695 2288 830 2369 ἔχουσαι
846 2286 973 2364 παῖδας
986 2280 1047 2363 τοὶς
1060 2283 1149 2373 σύρ-
1165 2300 1198 2354 20

91 2399 187 2465 3κας
205 2383 320 2453 αύτῶν
339 2385 519 2453 ἐσιτοῦντο.
555 2382 761 2472 βουλόμενος
785 2382 823 2453 δὲ
842 2382 909 2452 ύπδ
928 2387 989 2470 τῆς
1003 2383 1149 2474 Ἰκαρίας

126 2488 178 2566 εές
188 2485 304 2567 Νύξον
314 2490 583 2573 διακομισθῆναι,
600 2489 788 2574 Τυρρηνῶν
801 2484 985 2573 ληστρικήν
1000 2487 1149 2574 ἐμισθού-

127 2583 208 2656 σατο
226 2586 353 2675 τριήρη.
390 2594 427 2656 οδ
449 2586 487 2658 δὲ
505 2585 613 2656 αύτόυ
633 2587 810 2674 ἐνθέμενοι
829 2585 947 2668 Νύξον
970 2585 1034 2673 μὲν
1057 2611 1146 2679 παρ-

101 2692 261 2775 2ε’πλεον,
279 2686 459 2774 ήπείγοντο
478 2687 516 2757 δέ
535 2697 583 2768 είς
597 2685 714 2758 Ἀσίαν
732 2683 1036 2775 ἀπεμπολήσοντες.
1073 2684 1092 2758 δ
1110 2688 1150 2758 δέ

125 2789 185 2858 τόν
203 2788 266 2878 μὲν
286 2786 381 2858 ίστδυ
407 2789 465 2857 καλ
490 2789 551 2869 τὰς
574 2789 690 2869 κύπας
718 2791 874 2876 ἐποίησεν
901 2786 1016 2877 όφεις,
1042 2787 1082 2859 τδ
1110 2789 1149 2859 δὲ
1164 2806 1194 2858 25

125 2891 255 2979 σκύφος
275 2896 397 2978 ἔπλησε
414 2894 532 2960 κισσού
551 2891 607 2960 καλ
626 2895 708 2979 βοής
726 2888 860 2959 αύλαῑν·
888 2888 974 2959 ολδλ
988 2893 1148 2980 ἐμμανεῖς

125 2992 300 3080 γενόμενοι
316 2988 400 3060 κατόι
418 2994 478 3080 τῆς
495 2974 664 3081 θύλύττης
680 2998 810 3079 ἐφνγον
822 2991 885 3060 καλ
894 2992 1052 3078 ἐγένοντο
1067 2996 1147 3062 δελ-

100 3108 235 3180 8φίνες.
272 3091 317 3172 ύς
336 3091 374 3161 δὲ
391 3091 561 3180 μαθόντες
579 3089 688 3162 αύτόν
705 3092 791 3162 θεόν
808 3090 984 3182 ἄνθρωποι
1009 3094 1147 3182 ἐτίμων,

125 3191 144 3263 δ
158 3194 197 3264 δέ
209 3192 391 3281 ἀναγαγιδν
407 3195 439 3276 ἐξ
448 3193 555 3294 ’ᾍδου
569 3192 631 3283 τήν
645 3195 783 3282 μητέρα,
797 3195 855 3263 καλ
869 3195 1148 3285 προσαγορεύσας

126 3295 286 3384 Θυύνην,
303 3292 375 3385 μετ’
392 3294 498 3384 αύτής
517 3302 565 3376 είς
582 3294 735 3385 ούρανδυ
753 3293 912 3381 ἄνήλθεν.
1162 3309 1194 3363 30

91 3415 108 3466 4
203 3397 222 3468 δ
243 3398 281 3467 δέ
299 3397 439 3486 Κάδμος
457 3395 539 3485 μεταλ
557 3398 737 3487 Ἁρμονίας
757 3396 869 3485 Θήβας
896 3395 1042 3466 ἐκλιπών
1061 3395 1145 3484 πρδς

122 3498 296 3587 Ἐγχίλεας
312 3506 539 3589 παραγίνεται.
566 3497 698 3578 τούτοις
712 3497 751 3568 δέ
767 3496 836 3567 ύπδ
852 3496 1025 3583 Ἰλλυριῶν
1043 3506 1145 3568 πολε-
