2446 3944
105 171 147 237 36
435 184 800 233 -κιιε-

107 329 280 417 πόνυησον
297 337 475 412 οἰκοῦντας
494 331 704 419 Πελασγοός.
736 330 893 412 Ἡσίοδος
911 331 950 402 δέ
973 331 1035 403 τόν
1053 342 1128 404 Πε-

73 455 89 503 2
108 430 237 519 λασγδν
254 430 448 522 αὐτόχθονά
465 454 570 522 φησιν
588 432 684 503 εἰναι.
719 429 805 502 άλλά
824 433 902 523 περὶ
918 432 984 522 μὲν
1000 433 1127 505 τοῦτον

107 532 210 602 πάλιν
229 535 388 622 ἐροῦμεν·
409 533 534 622 ’Ἀργος
552 533 590 604 δέ
608 533 724 625 λαβῦν
742 533 833 623 παρά
853 535 1041 623 Φορωνέως
1062 535 1127 626 τήν

108 642 284 720 βασιλείαν
301 630 357 723 άηί
379 637 504 705 ἑαυτοῦ
517 634 579 723 τῆν
594 635 859 724 Πελοπόννησον
873 635 1031 707 ἐκάλεσεν
1038 635 1128 729 ’Ἀρ-

108 764 184 822 γος,
209 736 267 804 καί
290 736 398 824 γήμας
417 734 580 825 Εὐάδνην
596 733 661 826 τήν
679 735 879 826 Στρυμόνος
896 739 953 806 καὶ
972 744 1127 828 Νεαίρας
1143 758 1160 810 ε

110 837 293 906 ἐτέκνωσεν
305 835 475 924 Ἔκβασον
494 845 667 927 Πείραντα
681 836 887 935 Ἐπίδαυρον
904 847 1073 930 Κρίασον,
1091 839 1130 922 ῦς

107 939 162 1006 καὶ
181 936 244 1026 τήν
262 944 435 1025 βασιλείαν
454 941 653 1028 παρέλαβεν.

82 1061 95 1100 ²
184 1037 348 1128 Ἐκβάσου
367 1040 405 1109 δὲ
426 1038 579 1129 Ἀγήνωρ
602 1047 751 1128 γίνεται,
774 1039 898 1111 τοῦτου
917 1041 954 1112 δέ
967 1041 1129 1133 ’Ἀργοςὸ

109 1139 282 1228 πανόπτης
301 1139 491 1229 λεγόμενος,
528 1141 596 1229 εἶχε
615 1143 652 1211 δέ
669 1133 769 1223 οὗτος
787 1139 990 1233 όφθαλμοῦς
1006 1143 1071 1233 μέν
1092 1147 1130 1215 ἐν

109 1242 211 1311 παντί
227 1248 276 1334 τῷ
298 1242 438 1330 σάματι,
455 1241 681 1332 ὑπερβάλλων
695 1247 733 1313 δὲ
747 1242 892 1333 δυνάμει
905 1243 965 1315 τόν
983 1244 1047 1334 μέν
1063 1245 1130 1335 τήν
1146 1258 1179 1315 10

106 1341 291 1433 Ἀρκαδίαν
322 1343 569 1435 λυμαινόμενον
597 1348 727 1435 ταῦρον
750 1342 883 1414 άνελδν
911 1345 975 1434 τήν
1003 1346 1129 1418 τοῦτον

85 1465 97 1505 ³
113 1445 219 1534 δορὰν
237 1441 439 1534 ῆμφιάσατο,
454 1446 613 1537 Σάτυρον
622 1447 659 1516 δέ
672 1444 752 1528 τοῦς
761 1443 930 1536 Ἀρκάδας
943 1445 1130 1519 άδικοῦντα

110 1548 167 1616 καὶ
201 1544 454 1636 ἀφαιρούμενον
481 1549 521 1616 τά
551 1548 743 1637 βοσκήματα
767 1548 920 1630 ῦποστάς
946 1547 1129 1620 άπέκτειυε.

111 1650 240 1732 λέγεται
258 1647 296 1716 δὲ
314 1647 368 1716 ότι
390 1648 447 1716 καὶ
464 1649 527 1736 τῆν
549 1648 725 1738 Ταρτάρου
743 1650 801 1718 καί
819 1656 888 1739 Γῆς
900 1648 1081 1739 Ἔχιδναν,
1106 1649 1130 1739 ῆ

109 1749 190 1828 τοῦς
216 1749 399 1836 παριόντας
424 1749 657 1839 συνήρπαζεν,
689 1752 887 1841 ἐπιτηρήσας
917 1753 1131 1842 κοιμωμένην
1150 1770 1180 1821 15

110 1846 317 1921 ἀπέκτεινεν.
355 1853 524 1940 ἐξεδίκησε
541 1852 580 1922 δὲ
597 1854 654 1922 καὶ
672 1850 877 1934 τδνἈπιδος
896 1854 1024 1942 φόνου,
1048 1852 1130 1933 τοῦς

109 1957 239 2033 αἰτίους
256 1951 467 2034 ἀποκτείνας.

75 2073 91 2124 3
177 2051 304 2143 ’Ἀργου
319 2053 357 2123 δὲ
371 2055 428 2123 καὶ
439 2051 593 2144 Ἰσμήνης
606 2057 664 2142 τῆς
679 2052 834 2124 Ἀσωποῦ
852 2053 1067 2144 παῖςἸασος,
1085 2047 1130 2124 οῦ

109 2155 216 2243 φασὶν
230 2152 283 2224 Ἰώ
302 2156 472 2240 γενέσθαι.
508 2156 652 2246 Κάστωρ
672 2154 711 2224 δέ
728 2155 746 2225 δ
766 2155 969 2246 συγγράψας
986 2155 1027 2226 τά
1046 2183 1130 2246 χρο-

109 2255 185 2324 νικά
204 2258 261 2325 καὶ
280 2259 400 2326 πολλοὶ
418 2263 487 2326 τῦν
504 2260 674 2347 τραγικῶν
693 2256 826 2345 Ἰνάχου
851 2257 912 2346 τήν
932 2255 985 2328 Ἰῦ
1006 2259 1127 2344 λέγου-
1149 2276 1184 2328 20

111 2376 180 2426 σιν·
212 2356 366 2438 Ἡσίοδος
384 2357 422 2427 δέ
439 2360 496 2426 καί
511 2357 726 2440 Ἀκουσίλαος
745 2365 913 2449 Πειρῆνος
930 2357 1039 2448 αῦτήυ
1058 2376 1129 2446 ’φα-

84 2479 164 2528 εσιν
183 2458 277 2529 εἶναι.
312 2460 440 2548 ταύτην
460 2459 648 2548 ἱερωσύνην
671 2466 729 2549 τῆς
745 2459 854 2550 Ἥρας
872 2467 1017 2551 ἔχουσαν
1036 2459 1129 2542 Ζεῦς

111 2566 258 2648 ἔφθειρε.
286 2561 459 2649 φωραθεὶς
473 2561 511 2630 δὲ
526 2555 583 2649 ὑφ’
596 2559 703 2650 Ἥρας
715 2565 775 2649 τῆς
789 2563 853 2649 μὲν
869 2563 972 2651 κόρης
991 2555 1128 2649 άψάμε-

109 2687 168 2740 νος
182 2666 230 2740 εἰς
243 2665 333 2748 βοῦν
345 2660 583 2752 μετεμόρφωσε
597 2662 733 2751 λευκήν,
749 2660 856 2752 αῦτῆν
871 2668 891 2732 δ
894 2663 909 2732 ὲ
922 2661 1127 2751 ἀπωμόσατο

109 2760 155 2850 μῆ
174 2770 371 2831 συνελθεῖν·
401 2763 454 2832 διό
467 2785 570 2851 φησιν
584 2757 739 2846 Ἡσίοδος
757 2762 822 2835 οῦκ
842 2767 1048 2834 ἐπισπᾶσθαι
1061 2762 1126 2853 τῆν
1144 2784 1178 2835 25

110 2860 176 2932 άπὸ
190 2868 258 2932 τῶν
272 2867 363 2933 θεῶν
378 2862 484 2953 ὀργῆν
498 2864 577 2946 τοῦς
586 2867 785 2955 γινομένους
799 2864 922 2957 ὅρκους
935 2863 1024 2955 ῦπέρ
1038 2872 1126 2955 ἐρω-

84 2989 175 3045 ετος.
200 2963 345 3053 Ἧραδέ
368 2966 574 3055 αἰτησαμένη
592 2967 683 3054 παρὰ
702 2969 787 3049 Διὸς
803 2967 866 3057 τήν
883 2971 972 3055 βοῦν
989 2966 1126 3055 φῦλακα

111 3063 216 3153 αὐτῆς
234 3067 435 3156 κατέστησεν
442 3065 570 3156 Ἀργον
587 3066 649 3138 τόν
667 3071 853 3159 πανόπτην,
872 3067 912 3139 ὃν
932 3069 1127 3158 Φερεκύδης

110 3168 174 3254 μὲν
184 3166 378 3258 Ἀρέστορος
392 3170 492 3256 λέγει,
507 3167 750 3257 Ἀσκληπιάδης
764 3171 802 3240 δὲ
816 3169 960 3260 Ἰνάχου,
979 3171 1125 3259 Κέρκωψ

111 3266 287 3358 δὲ’Ἀργου
306 3273 364 3340 καί
378 3270 531 3360 Ἰσμήνης
548 3277 607 3358 τῆς
618 3266 773 3341 Ἀσωποῦ
788 3272 979 3359 θυγατρός
1002 3268 1125 3341 Ἀκου-
1145 3289 1180 3343 30

85 3379 229 3451 κσίλαος
254 3372 292 3441 δέ
317 3379 442 3462 γηγενῆ
468 3369 575 3442 αῦτόν
600 3374 697 3461 λέγει.
740 3363 839 3453 οὗτος
864 3377 900 3444 ἐκ
926 3376 986 3462 τῆς
1011 3376 1126 3452 ἐλαίας

112 3475 291 3562 ἐδέσμευεν
305 3468 415 3562 αῦτῆν
432 3469 501 3560 ῆτις
517 3479 612 3569 ἐντῷ
631 3483 841 3561 Μυκηναίων
854 3469 1007 3564 ῦπῆρχεν
1022 3469 1125 3545 άλσει.
