2446 3944
156 196 198 263 96
513 211 814 259 -391-

133 370 314 448 2Προῖτος.
343 357 465 429 ,Ἀλέου
484 359 523 428 δὲ
540 358 595 428 καὶ
615 364 767 447 Νεαίρας
789 362 849 444 τῆς
867 353 1005 445 Περέως
1020 357 1183 449 θυγάτηρ

159 460 222 549 μέν
241 458 355 549 Αὔγη,
372 460 444 531 υίοὶ
463 460 500 529 δέ
519 457 659 548 Κηφεύς
676 458 734 528 καί
752 464 964 549 Λυκοῦργος.
995 458 1099 547 Αὔγη
1118 460 1184 548 μέν

160 554 224 630 οὖν
241 559 304 650 ὑφ’
322 559 525 651 Ἡρακλέους
542 571 714 649 φθαρεῖσα
732 560 925 649 κατέκρυψε
942 559 981 629 τό
999 560 1132 650 βρέφος
1146 565 1184 632 ἐν

133 667 206 756 3τῶ
220 662 348 752 τεμένει
364 666 424 751 τῆς
439 657 598 751 Ἀθηνᾶς,
616 653 656 749 ἧς
674 660 741 751 εἶχε
758 659 820 749 τήν
839 662 1039 751 ἱερωσύνην.
1074 660 1183 750 άκάρ-

159 789 226 833 που
241 764 280 834 δὲ
292 768 354 853 τῆς
368 771 430 853 γῆς
445 763 625 853 μενούσης,
643 764 700 833 καὶ
713 762 919 852 μηνυόντων
934 767 1004 832 τῶν
1017 770 1182 853 χρησμῶν
1198 780 1213 830 5

158 863 249 934 εἷναί
265 893 295 934 τι
314 869 351 935 ἐν
368 873 416 959 τῶ
433 865 564 954 τεμένει
580 867 639 952 τῆς
654 863 801 953 Ἀθηνᾶς
818 865 1033 954 δυσσέβημα,
1058 893 1179 956 φωρα-

156 978 256 1036 θεῖσα
270 966 340 1037 ύπδ
352 973 415 1038 τού
430 968 556 1055 πατρὸς
568 965 744 1054 παρεδόθη
759 973 930 1060 Ναυπλίῳ
945 969 1001 1036 ἐπὶ
1019 966 1180 1059 θανάτῳ·

157 1068 237 1156 παρ’
259 1060 299 1138 οὗ
316 1067 472 1158 Τεύθρας
485 1068 503 1136 6
515 1072 651 1139 Μυσῶν
665 1067 835 1156 δυνάστης
850 1068 1059 1158 παραλαβὼν
1071 1066 1181 1157 αύτήν

133 1177 270 1259 4ἔγημε.
305 1169 343 1239 τό
363 1170 402 1240 δέ
418 1169 547 1258 βρέφος
566 1169 704 1239 ἐκτεθὲν
723 1172 760 1238 ἐν
777 1167 848 1255 όρει
864 1177 1050 1262 Παρθενίῳ
1067 1169 1181 1259 θηλήν

157 1265 376 1360 ὑποσχούσης
395 1270 525 1359 έλάφου
546 1271 696 1359 Τήλεφος
715 1270 854 1359 ἐκλήθη,
873 1273 930 1340 καὶ
947 1273 1094 1362 τραφεὶς
1109 1270 1179 1342 ύπδ
1196 1287 1220 1339 λῖ

157 1376 227 1441 τῶν
244 1370 410 1462 Κορύθου
428 1371 607 1461 βουκόλων
624 1374 682 1442 καὶ
699 1370 840 1460 ζητήσας
857 1371 939 1453 τούς
957 1372 1081 1460 γονέας
1098 1363 1179 1460 ἧκεν

159 1480 208 1554 είς
227 1474 401 1562 Δελφούς,
419 1475 476 1543 καὶ
494 1474 618 1562 μαθῶν
635 1473 726 1562 παρά
743 1479 807 1544 τοῦ
824 1479 923 1562 θεού,
943 1474 1177 1565 παραγενόμε-

158 1603 216 1656 νος
240 1583 288 1655 είς
313 1581 458 1647 Μυσίαν
480 1575 581 1655 θετὸς
607 1591 687 1656 παῖς
711 1575 926 1663 Τεύθραντος
953 1582 1097 1665 γίνεται,
1122 1577 1180 1646 καὶ

159 1678 382 1757 τελευτῶντος
403 1675 512 1747 αὐτοῦ
531 1677 690 1763 διάδοχος
707 1680 766 1764 τής
786 1681 986 1758 δυναστείας
1004 1683 1143 1764 γίνεται.

237 1778 446 1867 Λυκούργου
461 1778 499 1848 δέ
508 1779 565 1848 καὶ
576 1776 766 1867 Κλεοφίλης
776 1773 796 1866 ή
808 1775 1181 1868 ΕύρυνόμηςἈγκαῖος
1199 1793 1220 1845 λλ

161 1878 372 1968 καὶἝποχος
389 1883 448 1950 καὶ
464 1876 676 1968 Ἀμφιδάμας
694 1882 752 1949 καὶ
761 1878 883 1959 Ἴασος.
907 1877 1182 1968 Ἀμφιδάμαντος

159 1981 198 2051 δέ
216 1987 403 2052 Μελανίων
427 1984 484 2051 καὶ
508 1981 664 2070 θυγάτηρ
680 1979 875 2070 Ἀντιμάχη,
902 1978 947 2068 ήν
971 1980 1182 2071 Εὐρυσθεύς

134 2088 290 2171 2ἔγημεν.
315 2079 427 2153 Ἰάσου
447 2082 485 2153 δέ
503 2085 560 2152 καὶ
570 2082 748 2171 Κλυμένης
765 2085 825 2169 τής
838 2081 980 2153 Μινύου
995 2079 1183 2172 Ἀταλάντη

161 2184 302 2270 ἐγένετο.
345 2185 470 2271 ταύτης
495 2183 513 2253 6
538 2183 647 2273 πατήρ
672 2180 828 2273 άρρένων
850 2187 983 2254 παίδων
1001 2186 1184 2272 ἐπιθυμῶν

160 2285 320 2373 ἐξέθηκεν
345 2282 466 2373 αὐτήν,
494 2281 616 2373 άρκτος
643 2285 682 2354 δέ
705 2291 859 2372 φοιτῶσα
882 2283 1042 2366 πολλάκις
1066 2285 1220 2374 θηλήνθ

162 2389 291 2474 ἐδίδου,
314 2388 428 2478 μέχρις
457 2377 498 2456 οὗ
517 2385 676 2477 εὑρόντες
694 2389 839 2474 κυνηγοὶ
858 2385 939 2476 παρ’
963 2389 1098 2467 ἑαυτοῖς
1115 2385 1181 2456 άν-

134 2490 311 2577 3έτρεῳον.
338 2496 449 2560 τελεία
468 2488 507 2558 δὲ
520 2486 702 2576 Ἀταλάντη
719 2489 884 2576 γενομένη
902 2489 1078 2577 παρθένον
1097 2489 1182 2558 §av-

160 2590 222 2676 τήν
241 2591 419 2679 ἐφύλαττε,
436 2592 494 2659 καὶ
511 2589 710 2678 θηρεύουσα
730 2592 767 2659 ἐν
782 2593 903 2680 ἐρημίᾳ
917 2590 1181 2679 καθωπλισμένη

160 2692 303 2760 διετέλει.
339 2690 511 2778 βιάζεσθαι
535 2692 574 2761 δέ
597 2689 706 2780 αύτήν
725 2694 970 2781 ἐπιχειροῦντες
987 2691 1182 2780 Κένταυροι

156 2790 280 2873 Ῥοῖκος
297 2793 354 2861 καὶ
369 2792 497 2874 Ὑλαῖος
514 2793 815 2876 κατατοξευθέντες
839 2790 901 2861 ὑπ’
924 2791 1029 2881 αύτής
1047 2787 1181 2863 άπέθα-
1200 2811 1220 2860 θ

127 2907 148 2963 ,4
160 2921 232 2963 νου.
272 2895 475 2983 παρεγένετο
489 2895 528 2964 δέ
545 2893 627 2981 μετά
647 2899 716 2963 τῶν
734 2893 848 2964 άλλων
867 2891 1031 2983 άριστέων
1048 2895 1106 2963 καὶ
1125 2893 1182 2964 ἐπὶ

160 2994 221 3063 τόν
239 2993 463 3065 Καλυδῶνιον
480 2994 625 3085 κάπρον,
643 2996 703 3064 καὶ
722 2997 760 3064 ἐν
777 2998 824 3088 τῷ
844 2997 900 3064 ἐπὶ
918 3001 1029 3088 Πελίᾳ
1046 2997 1182 3066 τεθέντι

135 3091 270 3183 ὃάγῶνι
280 3095 436 3166 ἐπάλαισε
445 3105 556 3186 Πηλεῖ
568 3099 625 3166 καὶ
639 3098 801 3184 ἐνίκησεν.
821 3095 1018 3186 ἀνευροῦσα
1027 3096 1066 3166 δὲ
1077 3095 1181 3168 ὕστε-

162 3225 223 3285 ρον
234 3197 317 3280 τούς
330 3199 466 3287 γονέας,
481 3198 526 3279 ῶς
541 3197 560 3268 6
574 3196 683 3288 πατήρ
697 3213 819 3287 γαμεῖν
835 3196 944 3287 αύτήν
959 3204 1095 3268 ἔπειθεν
1114 3196 1178 3268 άπ-

160 3305 259 3368 ιοῦσα
284 3306 333 3381 είς
358 3304 533 3370 σταδιαῖον
556 3300 661 3371 τόπον
678 3301 735 3369 καὶ
751 3298 882 3389 πήξασα
906 3300 1010 3390 μέσον
1029 3298 1220 3371 σκόλοπαθ

160 3407 339 3490 τρίπηχυν,
368 3405 530 3473 ἐντεῦθεν
547 3405 616 3472 τῶν
633 3404 916 3491 μνηστευομένων
932 3401 1014 3481 τούς
1033 3401 1182 3491 δρόμους

39 3584 41 3588 ,
160 3503 772 3595 προῖούσαἐτρόχαζεκαθωπλισμένη·
792 3502 1182 3592 καὶκαταληφθέντιμέν
